3426 4786
396 671 440 756 46
586 647 592 658 '
790 666 981 724 affloeurm

397 823 518 892 Virosa
539 823 652 924 lingna
674 823 840 909 congessit
860 821 895 886 in
917 819 977 886 hos
999 818 1177 886 maledieta.

397 909 443 980 Et
486 911 556 976 uasi
577 909 698 995 viperei
721 910 814 975 daret
834 905 885 973 his
907 906 1038 993 adipata
1059 906 1185 986 veneni,

398 997 481 1064 Artu
504 1017 541 1062 us
562 995 598 1061 in
619 995 700 1062 totis
721 999 881 1061 tremuere
903 995 1033 1078 stupore
1054 992 1219 1058 tremoris:

359 1102 386 1143 eo
398 1080 498 1148 Nulla
519 1081 611 1167 quies
632 1083 749 1165 motus,
773 1079 898 1164 dilatio,
922 1100 989 1145 nou
1012 1077 1124 1143 modus
1146 1077 1240 1148 ullus.

313 1211 332 1252 ‚¹
398 1166 553 1233 Exterres
618 1167 680 1232 tria
702 1166 957 1251 pertransierant
979 1163 1150 1249 peregrina

398 1250 538 1318 Horrida
583 1252 688 1318 rvinoe
709 1251 894 1335 speetaoula
916 1247 1068 1334 gentibue
1090 1248 1167 1314 ires.

398 1336 449 1402 Er
471 1336 522 1402 his
545 1335 690 1422 Hipponi
712 1356 804 1401 soror
826 1338 860 1400 et
881 1335 983 1400 frater
1004 1333 1144 1418 reparati

398 1419 496 1488 Natis
519 1421 677 1486 ecelesiae
700 1420 818 1486 mentis
840 1419 976 1485 iubilum
998 1439 1162 1503 peperere.

361 1523 387 1565 ee
401 1505 463 1572 His
509 1506 620 1572 uidam
643 1505 757 1572 similis
779 1504 917 1570 tremula
941 1524 1012 1569 eom
1038 1503 1136 1590 agius
1159 1503 1266 1569 earnis

398 1527 550 1658 Plurilrus
573 1592 694 1658 erectis
715 1594 766 1658 tot
787 1589 910 1656 fruetus
933 1525 1074 1654 motiEus
1097 1589 1192 1655 anuis
1292 1595 1370 1659 tet*

399 1677 586 1763 Epternaeh
608 1680 719 1744 veotus
742 1696 833 1742 seous
855 1679 906 1741 est
927 1673 1028 1740 ellare
1050 1674 1185 1742 locatae.

400 1761 499 1830 Urbis
521 1763 622 1830 totius
644 1763 734 1829 venit
752 1761 842 1862 plebs
865 1763 961 1846 atque
984 1763 1125 1844 senatus,

400 1847 501 1934 Vidit,
525 1852 592 1915 tem
615 1848 717 1915 diram
739 1847 849 1913 tunuit
869 1846 932 1913 eibi
954 1844 1091 1913 vindiois
1113 1845 1204 1912 iram:

349 1954 387 1993 1⁰⁰
401 1935 548 2020 Aneipiti
569 1935 692 2001 eervioe
713 1936 801 1999 rotet
822 1935 919 2018 eaput
940 1952 1046 2018 aeger,
1070 1930 1211 2017 anhelat,

400 2019 446 2086 Or
471 2042 535 2086 ana
555 2019 772 2086 membrorum
794 2018 920 2084 ratione
941 2021 1059 2084 vaeant
1079 2039 1295 2100 numerorum,

401 2042 506 2173 'Polus
530 2107 722 2191 eonoutitur,
745 2105 835 2190 quasi
858 2107 1003 2170 mortuus
1025 2125 1096 2170 esse
1117 2103 1245 2170 videtur

401 2191 517 2258 Mortis
539 2192 692 2278 deeeptus
714 2213 781 2277 spe,
803 2189 1003 2276 sandapilam
1026 2189 1088 2255 sibi
1109 2195 1235 2258 neotus

401 2276 462 2345 Sed
485 2277 560 2344 dum
585 2278 631 2344 sio
652 2277 793 2362 tremuit,
816 2276 893 2342 dum
916 2275 1006 2341 flevit
1027 2277 1060 2341 et
1075 2276 1109 2341 iu
1125 2298 1219 2362 prees
1234 2278 1364 2364 mansit,

351 2380 387 2422 ιω
403 2363 512 2430 Horae
534 2368 701 2430 momento
724 2363 864 2429 surrexit
884 2365 1007 2427 somate
1028 2382 1119 2441 sano,

401 2445 585 2532 Oonvalnit‚
607 2447 735 2513 tremuli
758 2449 835 2511 sunt
854 2449 944 2511 artus
966 2445 1168 2511 consolidati.

400 2529 526 2596 Elicuit
547 2531 697 2596 laerimas
719 2551 779 2615 pro
802 2551 836 2595 se
858 2529 1059 2595 solventibus
1080 2528 1167 2612 odas,

400 2613 567 2700 Hymnum
590 2615 766 2699 ooneinuit,
788 2635 846 2678 sua
867 2633 977 2697 sospes
998 2615 1085 2677 teoto
1106 2613 1227 2678 revisit.

442 2697 580 2763 XXVII.
597 2696 658 2764 Sed
671 2698 730 2763 sub
741 2697 928 2782 navifragas
938 2695 1070 2762 (lilioum
1082 2697 1276 2762 divertimus
1287 2719 1370 2783 ores,

348 2803 387 2843 no
400 2780 575 2848 Tendimus
598 2803 636 2847 ex
658 2781 750 2847 laetis
772 2782 806 2847 in
830 2781 936 2846 tristia
956 2781 1088 2847 tremite
1110 2782 1237 2847 mentis.

399 2865 477 2935 Non
501 2869 627 2934 eratin
650 2865 770 2933 mundo
791 2865 986 2933 monachilis
1007 2865 1175 2933 honestior
1197 2867 1286 2951 ordo,

399 2953 526 3042 Regula
548 2976 615 3021 non
637 2955 756 3040 potior,
781 2975 940 3040 nusquam
963 2951 1113 3020 diseretio
1136 2953 1254 3020 maior:

398 3039 449 3106 Ex
471 3045 562 3126 petre
585 3064 642 3107 eeu
666 3039 787 3124 didioit,
810 3060 945 3106 oonoors
969 3037 1016 3104 ile
1038 3040 1145 3106 oontio
1168 3040 1259 3107 vixit

401 3123 463 3191 Sed
486 3127 563 3226 quia
585 3127 688 3192 mixta
708 3126 803 3192 bonis
824 3124 911 3191 mala
939 3129 1017 3192 sunt
1043 3126 1241 3212 obscureque
1263 3126 1370 3212 elaris,

343 3232 387 3298 ,urs
400 3210 467 3276 Fur
487 3233 524 3276 m
545 3212 724 3297 apostolico
746 3213 838 3297 quasi
861 3210 959 3276 Iudas
982 3211 1095 3278 ordine
1117 3232 1253 3292 summo,

400 3294 453 3362 Sio
476 3295 571 3382 lupus
592 3297 680 3364 inter
700 3318 778 3364 oves
800 3297 896 3363 latuit
916 3295 1001 3363 latro
1024 3297 1221 3382 spirituales,

399 3380 467 3448 Vas
490 3383 701 3469 ignominiae,
724 3385 779 3449 sed
803 3381 934 3448 functus
957 3381 1081 3449 honore
1103 3383 1245 3450 Levitae.

399 3466 475 3535 Non
498 3469 604 3534 vetuit
624 3467 730 3535 furem
752 3467 926 3534 Zachariae
948 3469 1073 3553 grande
1096 3469 1260 3551 volumen,

397 3553 542 3620 Tensum
564 3575 622 3639 per
644 3553 746 3620 latum
767 3554 875 3640 spatio
898 3554 1017 3621 denum
1039 3555 1223 3622 cubitorum

460 3730 502 3804 ¹tt)
525 3724 628 3780 dileeio
653 3723 724 3808 GT·
783 3731 816 3780 et
833 3725 949 3795 Ypponi
973 3724 1000 3781 G
1027 3726 1142 3796 Yppom
1160 3725 1187 3779 T
1257 3729 1292 3779 04
1308 3739 1371 3779 eoe-

399 3791 594 3930 ffiffipffm
614 3797 652 3915 gg
669 3789 824 3940 ωἷὸῗὲξᾱ
842 3799 917 3913 trigo
924 3809 1004 3942 1⁰²⁸·er
1010 3793 1066 3941 gt·
1076 3792 1192 3916 militated
1195 3791 1370 3938 ΘὸιΤψιωιᾳῗ

399 3925 757 4065 ἓιιπιὶιιιιωῃθθΤψὲἓίιὲωὸή
776 3926 802 3982 T
877 3933 925 3982 112
949 3927 1130 3984 d1acreerol'
1204 3933 1251 3983 ne
1272 3941 1372 3982 eonoro
