3340 4788
581 701 645 753 Lib.
666 701 698 755 V.
733 715 760 757 v.
778 702 922 756 'lul-iul.
1183 701 1246 769 155

273 854 330 927 Qui
352 855 469 916 luerem
491 855 612 933 pondus,
635 871 702 917 sum
724 853 829 917 turdus
851 855 993 937 euntibus
1016 857 1102 918 onnls

314 938 348 1000 ln
370 955 515 1019 praeceps
536 942 646 1020 repilm
670 957 753 1001 more
777 939 895 1002 liuentis
918 959 1022 1020 equae.

272 1022 359 1086 Miles
380 1029 414 1084 ni
435 1023 580 1085 emeritus
602 1042 661 1085 non
685 1031 731 1085 esi
754 1025 827 1086 salis
849 1022 931 1085 utilis
953 1027 1057 1102 ermis,

314 1106 404 1170 Ponit
426 1109 463 1170 od
485 1111 640 1192 animnos·
656 1126 734 1191 quoe
756 1109 825 1171 tulit
847 1127 939 1184 ormo,
965 1108 1054 1172 lares.

272 1193 330 1256 Sed
353 1192 424 1256 lieet
445 1193 520 1258 ineo
543 1201 674 1258 nostram
699 1194 826 1258 lundene
847 1201 878 1257 el
900 1193 985 1275 plura
1008 1195 1173 1276 querelem.
1192 1205 1243 1258 loo

316 1279 393 1345 Nolo
416 1291 515 1345 lemen
538 1291 654 1345 vestras
676 1282 746 1345 imle
769 1280 871 1344 labore
894 1299 1010 1346 manus.

274 1367 316 1432 lle
338 1369 364 1434 sl
387 1388 458 1442 nou.
483 1388 576 1453 opere
600 1369 665 1434 volo
689 1389 740 1432 ros
761 1387 914 1452 operaque
934 1368 1038 1452 juvare

315 1456 350 1520 El
371 1455 396 1518 si
418 1475 478 1520 non
502 1475 557 1538 per
579 1475 677 1539 opem,
702 1455 747 1519 vel
770 1475 826 1538 per
848 1475 932 1540 opus,
955 1475 1119 1540 perones:

271 1543 309 1606 El
330 1544 355 1606 sl
379 1561 438 1606 non
461 1563 570 1616 armos,
593 1544 678 1607 vobis
700 1544 854 1625 impertiat
876 1563 958 1608 armo

316 1630 467 1693 Auxilium
489 1629 587 1692 dendo
610 1631 827 1712 consiliumque
849 1631 1001 1712 frequens.

272 1713 337 1777 Non
361 1715 451 1777 modo
473 1713 525 1778 sed
548 1734 668 1796 semper
691 1715 748 1776 imo
770 1733 863 1794 regne
883 1715 1036 1794 juramine
1059 1717 1134 1786 rexi,

316 1800 369 1862 list
390 1799 502 1881 aliquid
526 1799 621 1862 relide
644 1807 762 1881 sceptra
786 1807 891 1862 tenero
915 1819 1014 1864 manu.

271 1885 358 1949 Solus
380 1904 434 1948 rex
456 1892 570 1966 regnet,
595 1885 814 1948 honorantem
838 1903 929 1966 regno
953 1889 1085 1966 regeniis

314 1972 366 2034 Est
388 1977 420 2036 in
442 1970 585 2053 subjectis
608 1969 810 2054 militibusque
832 1971 928 2034 bonis.

271 2057 336 2120 Non
360 2055 446 2119 miles
468 2059 533 2119 sine
555 2075 628 2136 rege
649 2056 736 2134 velet,
760 2076 816 2119 nee
838 2075 892 2119 rex
914 2059 981 2119 sine
1004 2055 1063 2118 lldo

313 2141 415 2208 llillle.
437 2140 542 2204 militie
566 2142 694 2222 plurima
713 2144 794 2222 reqls
816 2142 923 2203 honor.

271 2226 338 2289 Non
360 2227 432 2288 setis
455 2246 513 2288 uno
536 2234 619 2289 leuel
642 2235 758 2288 eersies
780 2245 889 2289 encore
911 2244 1037 2307 puppes,

228 2343 231 2350 .
315 2309 380 2373 Non
403 2311 476 2372 solis
498 2317 543 2372 esi
566 2309 688 2392 liquidis
711 2311 816 2373 uniens
838 2329 935 2373 uncus
957 2311 1050 2390 equis.

272 2395 324 2457 Sie
345 2412 438 2456 unum
463 2413 587 2472 rognum
611 2395 702 2455 rebus
724 2395 785 2456 rull
806 2403 886 2456 siore
909 2394 1026 2456 duobus

314 2479 364 2541 Sio
385 2497 435 2540 res
457 2478 580 2541 oilerius
603 2478 695 2541 ollem
719 2481 816 2560 poscit
838 2497 941 2559 opem:

270 2564 364 2628 Nemo
386 2563 443 2624 sibl
467 2567 538 2626 salis
560 2573 616 2635 esi,
640 2573 708 2644 egel
730 2566 827 2627 omuis
849 2567 964 2627 eunicus
986 2563 1098 2634 amieo;

314 2649 407 2714 Veolrl
430 2652 499 2722 soli;
524 2652 604 2715 cedit
626 2649 685 2722 irie,
710 2670 797 2713 nemo
821 2651 932 2714 levslor
955 2649 1022 2712 erll.

271 2737 304 2802 ln
327 2736 410 2801 rolris
432 2739 524 2818 igilur
546 2738 654 2801 Troiae
678 2740 801 2801 riclorle
826 2738 946 2818 penno,

316 2825 352 2888 El
374 2843 478 2907 paoem
501 2829 617 2908 patriae
640 2823 760 2889 brnolria
784 2835 880 2888 veslero
904 2824 1026 2886 dobunt.

271 2913 313 2978 lle
336 2929 439 2975 rerum
463 2920 588 2975 tractate
611 2919 689 2975 stetu
713 2921 868 2995 vestroque
889 2912 995 2982 salute,

314 2999 426 3062 Sensus
448 3001 528 3062 enim
553 2999 636 3062 vobis
658 2998 878 3078 consiliumque
898 3001 988 3076 vigel.

270 3086 384 3148 venue
406 3087 584 3166 prseteritos
605 3093 781 3166 praesentes
804 3103 913 3167 resque
936 3085 1062 3153 loturos,

312 3170 454 3252 Quosque
476 3173 563 3250 sequi
586 3172 685 3252 polius
708 3171 829 3251 expedit
850 3173 895 3232 ire
917 3172 990 3246 vles,

275 3257 348 3320 Nem
370 3275 425 3338 per
447 3260 608 3339 praeterito
632 3258 798 3338 proesentis
822 3275 912 3339 saepe
934 3254 1086 3326 labunlur,

313 3344 409 3425 Saepe
431 3352 525 3406 sistus
548 3362 691 3423 praesens
713 3346 792 3406 seire
816 3345 913 3405 lulum
937 3343 1018 3405 leoli.

272 3429 334 3492 lloe
356 3433 420 3493 seio
443 3431 469 3493 si
491 3429 626 3492 volumus
649 3447 802 3510 superero,
827 3427 949 3493 lernndn
973 3428 1089 3508 polenii

339 3635 397 3686 702.
417 3633 469 3687 Or.
486 3634 539 3684 Ars
556 3633 616 3686 Am.
635 3635 687 3694 111,
705 3635 738 3685 62

423 3728 458 3739 -
476 3704 543 3754 sunl
560 3704 626 3752 soni
644 3716 718 3753 more
738 3701 848 3751 liuentis
867 3715 965 3765 eques.

270 3771 327 3820 703.
347 3770 372 3818 1.
391 3767 472 3818 ovid.
484 3767 570 3821 Trlsl.
589 3769 637 3829 lv,
656 3771 683 3823 8,
695 3770 735 3818 21.
754 3769 796 3818 22.
814 3783 863 3831 pro
882 3768 970 3818 nostri
994 3766 1124 3816 emeritus
1144 3765 1194 3818 eir.
1217 3781 1243 3817 v.

270 3837 320 3886 7911
343 3835 431 3886 hebel
454 3834 570 3886 Ovidius
594 3835 724 3889 emorllis.
799 3836 858 3884 ule.
876 3833 957 3885 ovid.
976 3834 1054 3884 llem.
1073 3834 1132 3883 180.
1185 3833 1244 3883 717.

273 3904 313 3954 18.
330 3903 412 3956 ovid.
432 3901 544 3953 Remed.
562 3905 621 3956 117,
640 3903 683 3962 18,
702 3917 736 3952 ex
754 3917 807 3968 quo
826 3901 889 3951 loeo
908 3903 1049 3966 posuimus
1066 3903 1176 3950 eorslos
1194 3913 1244 4016 tro

271 3969 376 4023 oodieis
393 3975 503 4023 semiss
522 3973 551 4020 el
568 3969 701 4036 marginis
719 3969 855 4021 loevam.
890 3968 944 4020 Pro
961 3982 1048 4019 nouus
1061 3965 1182 4019 Ovidius
1214 3981 1245 4017 e-

270 4053 331 4091 mus
349 4039 472 4106 praebet.
544 4041 601 4097 7111,
620 4039 758 4091 Nevelsii.
778 4054 804 4103 p.
824 4039 876 4088 525
893 4035 942 4088 lio.
961 4037 977 4088 2
996 4037 1030 4088 sb
1049 4035 1131 4090 inire.
