3372 4788
396 692 435 754 14
776 684 967 742 rsrossnor

392 841 522 923 Nullus,
545 841 601 926 qui
623 839 773 926 propriae
794 839 899 905 nescit
918 838 1139 904 moderamina
1160 841 1256 925 vitae,
1302 863 1320 900 ,-

393 926 475 992 Esse
498 929 608 1011 potest
628 925 713 990 vitae
735 923 831 990 index
854 928 887 991 et
907 920 972 989 dux
994 923 1128 989 alienae.

395 1011 527 1078 Solvere
549 1011 605 1097 qui
627 1011 757 1075 lintrem
779 1011 905 1089 metuit,
927 1013 1020 1095 reget
1041 1009 1126 1074 unde
1149 1011 1336 1076 triremem?

340 1115 381 1158 seo
394 1095 449 1160 Fit
469 1117 527 1181 per
549 1116 629 1161 onus
652 1095 782 1180 gravius
804 1094 936 1178 gravior
957 1094 1017 1159 eub
1039 1093 1182 1178 pondere
1203 1094 1322 1181 lapsus.

390 1178 478 1245 Hine
500 1180 612 1264 igitur,
635 1179 768 1258 domini,
790 1177 870 1242 mihi
892 1199 960 1243 non
983 1180 1087 1243 estote
1109 1180 1247 1263 molesti,

391 1264 454 1329 Sed
475 1264 673 1348 provisorem
695 1262 861 1345 disquirite
881 1285 934 1328 me
956 1263 1136 1348 potiorem!

390 1347 464 1414 Hoc
485 1349 541 1413 ubi
564 1349 683 1414 flumen
706 1347 920 1433 aquaevivae
943 1348 1044 1433 patris
1067 1348 1173 1413 effluit
1194 1369 1260 1433 ore,

390 1433 533 1520 Dignior
554 1438 604 1499 est
625 1433 767 1518 hebitus,
789 1433 865 1519 qnia
888 1454 955 1499 non
977 1432 1095 1518 dignus
1117 1434 1178 1498 sibi
1200 1435 1299 1500 visus.

338 1537 378 1580 sse
392 1517 466 1584 Dux
488 1527 521 1585 et
541 1521 699 1606 primores
721 1520 845 1585 instent
866 1518 1031 1586 ordeni-ius
1053 1541 1174 1600 omnes,
1281 1527 1301 1584 t.
1314 1530 1359 1583 δι’

392 1604 433 1673 Se
456 1627 524 1672 non
546 1610 678 1674 excuset
700 1627 760 1672 nec
782 1627 865 1672 onus
887 1605 986 1672 vitale
1008 1611 1151 1690 recuset,

391 1690 473 1760 Cum
496 1693 540 1758 eit
561 1692 603 1758 ob
625 1692 687 1759 hoc
710 1692 818 1779 patrie
838 1691 895 1760 lon
920 1714 937 1758 e
959 1697 1100 1759 semotus
1118 1692 1219 1779 avita,

390 1777 502 1846 Vitem
525 1800 584 1864 pro
607 1779 675 1846 vite
720 1779 862 1864 ropriam
907 1781 941 1845 et
961 1799 1061 1844 ovans
1085 1778 1199 1844 alisna

392 1801 1361 1953 Quidiaceret?quiddiceretihincsmor,hinctimorurget3

339 1971 379 2014 seo
392 1948 456 2016 Hic
478 1955 598 2031 monet,
621 1956 659 2016 ut
680 1949 781 2032 cedat,
804 1955 919 2017 oontm
940 1951 1055 2036 strepit
1076 1950 1141 2034 ille,
1165 1952 1308 2019 recedat:

390 2035 480 2101 inter
502 2041 674 2122 utrumque
696 2038 798 2120 stetit,
822 2037 903 2123 legis
925 2040 1136 2103 monumenta
1157 2037 1303 2103 revolvit.

390 2121 457 2187 Lex
478 2120 579 2204 iubet,
603 2131 650 2205 ut,
674 2123 774 2207 siquis
798 2123 952 2209 persolvit
973 2121 1083 2189 debita
1104 2124 1210 2189 earnis

390 2206 585 2273 Posteritate
607 2229 728 2289 carens,
751 2209 779 2274 si
801 2210 845 2274 sit
865 2209 927 2273 sibi
950 2212 1053 2293 nupta
1075 2213 1249 2292 superstes,

391 2292 538 2360 conubio
561 2293 669 2360 stabili
692 2295 736 2360 sit
756 2295 898 2360 coniunx
920 2294 989 2359 aius
1011 2293 1151 2379 adelphi,

339 2399 377 2441 see
390 2377 442 2445 Ne
463 2379 573 2444 fratris
595 2401 704 2446 semen
727 2384 847 2465 pereat,
870 2381 1040 2460 successio,
1063 2401 1194 2445 nomen.

388 2461 514 2527 Ducere
536 2465 563 2528 si
585 2465 704 2546 renuit,
727 2468 799 2528 reta
820 2465 848 2528 si
871 2465 1036 2547 sponsalia
1057 2466 1183 2544 temnit,

388 2545 536 2627 Exspuat
557 2547 591 2609 in
614 2547 730 2610 faciem
753 2545 870 2609 mulier
891 2547 1023 2609 viduata
1045 2545 1181 2626 virilem,

388 2626 438 2690 Ex
461 2628 529 2692 eius
551 2628 687 2710 pedibus
709 2628 856 2693 demetur
878 2628 1005 2693 calceus
1028 2649 1122 2709 unus,

387 2707 476 2773 Nudi
500 2731 535 2773 es
557 2716 595 2775 ut
617 2711 719 2775 dietus
742 2710 834 2775 nullo
856 2713 900 2775 sit
921 2712 1053 2775 nomine
1075 2711 1202 2794 dignus.
1252 2749 1255 2762 ·

336 2791 449 2857 sroEst
469 2731 547 2858 (iiius
569 2793 701 2859 effectus
724 2794 763 2859 de
785 2795 910 2880 virgine
932 2797 1043 2860 noster
1063 2793 1229 2879 adelphus,

386 2875 547 2960 Formam,
571 2900 636 2946 non
658 2881 710 2946 cul
734 2901 786 2946 em
808 2879 910 2946 nostri
933 2879 1008 2946 dum
1030 2881 1168 2966 sumpsit
1183 2881 1223 2946 ab
1241 2880 1355 2966 Adam,

386 2961 449 3030 Ter
473 2969 541 3031 eret
562 2970 599 3032 ut
620 2903 871 3034 meeuianndae
893 2967 1011 3033 veteris
1033 2988 1138 3034 novus
1160 2967 1276 3034 Adam.

386 2986 565 3118 Eaciesiem
588 3058 709 3120 castam
730 3050 941 3142 desponsavit
961 3055 1023 3121 sibi
1046 3075 1209 3139 sponsam,

388 3137 451 3204 Sed
473 3141 565 3224 quasi
587 3142 687 3226 stirpe
710 3161 823 3208 carens
846 3141 929 3207 obiit
950 3142 1052 3240 patris
1074 3141 1170 3209 unios
1191 3141 1309 3227 proles,

339 3245 378 3288 sve
391 3223 504 3309 Liquit
525 3225 675 3293 dilectam
698 3227 911 3294 contectalem
933 3226 1107 3306 viduatam,

392 3305 600 3396 Oecligenam
623 3311 746 3397 prolem
769 3312 846 3377 dum
868 3311 1013 3378 nondum
1035 3310 1173 3396 protulit
1196 3332 1336 3377 omnem.

390 3392 478 3461 Huic
500 3399 612 3462 tentae
634 3397 750 3463 viduae
772 3398 801 3463 si
822 3398 934 3483 sponsi
956 3397 1056 3463 irater
1079 3397 1198 3481 adesse,

389 3477 424 3546 Si
446 3479 539 3580 iungi
561 3483 658 3632 mliii
678 3481 753 3548 dare
776 3504 849 3548 cum
872 3482 992 3550 dotalia
1015 3484 1128 3568 possit,

391 3563 473 3631 Cum
496 3571 539 3631 ert
559 3589 637 3652 prae
660 3568 737 3650 ivos,
760 3569 917 3634 virtutum
940 3569 1030 3633 luere
1052 3569 1229 3654 requirens,

338 3671 377 3714 eso
390 3649 562 3718 excutitur
583 3653 681 3737 solea,
704 3653 854 3721 foedetur
875 3654 908 3719 in
933 3676 987 3720 ore
1009 3654 1119 3732 saliva,

457 3807 516 3882 862·
525 3805 668 3874 pociorem
690 3803 748 3860 GT
808 3811 859 3861 ooo
884 3807 988 3886 caedet
1003 3837 1036 3846 -
1055 3807 1190 3862 recaedat
1214 3804 1266 3884 G·
1309 3810 1360 3861 864

388 3869 680 4015 tttttitsst‘dffi
700 3871 763 3993 ‘tt
784 3872 1027 3995 nne-‘red'
1083 3873 1363 4006 sennense

388 4009 439 4059 379
456 4004 590 4073 predives
609 4004 636 4058 G
705 4011 755 4060 380
773 4005 905 4061 faedatur
925 4006 951 4062 G
986 4007 1100 4062 sadatur
1119 4007 1144 4061 Τ
