3368 4792
415 1135 581 1203 ruerem
603 1127 870 1200 enooumun
885 1136 934 1201 m
956 1135 1154 1201 anorum
1175 1136 1390 1202 erroreum

416 1237 608 1303 nussam
650 1235 840 1302 assume
882 1235 1087 1303 erueras
1129 1225 1303 1306 unsrun
1339 1238 1389 1304 m

417 1338 593 1422 sonmo,
615 1336 698 1414 *am
725 1336 894 1403 rossus
921 1336 1088 1404 ruerus
1109 1337 1192 1406 usu
1214 1337 1390 1405 aserere

720 1437 865 1504 urnae
888 1438 1083 1524 [niumm
1435 1427 1440 1435 ·

419 1599 553 1681 impetus
577 1597 628 1662 ille
650 1617 750 1670 sacer,
774 1598 824 1677 qui
847 1606 944 1660 vatum
967 1607 1089 1680 pectora
1113 1599 1220 1672 nutrit,

418 1687 560 1749 Diversus
583 1684 689 1749 studiis
711 1685 836 1748 dirersis
858 1694 998 1766 occupat,
1023 1695 1053 1747 et
1074 1704 1121 1748 me

418 1774 588 1844 Materiam,
612 1773 746 1853 quamvis
769 1772 891 1841 inritus,
914 1774 1005 1834 traxit
1025 1772 1061 1833 ad
1085 1773 1187 1842 istam:

419 1859 566 1940 Certaque
589 1876 657 1920 enm
680 1857 805 1919 dederat
826 1858 925 1919 auimo
948 1859 1098 1920 sententia
1120 1859 1220 1930 ssoem,

419 1945 483 2006 liae
505 1952 538 2005 ut
560 1943 596 2005 ad
620 1943 758 2005 incudem
782 1961 850 2004 eum
872 1961 970 2005 massa
994 1945 1119 2006 malleus
1141 1947 1208 2014 iret,
1356 1951 1392 2001 a

419 2030 484 2103 Quo
506 2032 606 2110 potius
628 2047 763 2100 numero,
788 2048 856 2091 cum
880 2031 976 2092 tristia
1000 2028 1076 2092 bella
1099 2038 1229 2101 sonaret,

418 2117 479 2180 Res
502 2135 536 2179 ea
560 2117 710 2198 transiret,
734 2115 894 2178 haerebam
919 2125 1054 2197 tempore
1077 2115 1167 2196 longo

419 2203 574 2266 Pendulus
598 2211 628 2264 et
649 2203 773 2273 dubius;
797 2221 865 2264 cum
888 2205 1019 2284 scriptor
1043 2202 1152 2266 debent
1174 2204 1272 2266 omnis

420 2289 557 2354 Reddere
580 2308 728 2372 personae
750 2288 807 2352 sibi
830 2291 1037 2354 convenientia
1060 2291 1178 2373 eoique.

411 2378 457 2441 ,m
479 2395 600 2457 semper
624 2395 696 2439 nora
719 2395 777 2447 res,
800 2375 950 2438 theatrum
974 2396 1051 2458 quae
1074 2379 1392 2459 priruitusintral,10

420 2464 512 2524 Passu
535 2462 649 2526 diiileili
671 2461 814 2524 callentes
838 2469 970 2524 transeat
992 2481 1090 2525 aures.

420 2547 582 2608 Praetereo
604 2545 684 2627 qued
707 2546 782 2607 livor
803 2547 895 2616 iners,
919 2547 1070 2609 laudabile
1092 2547 1235 2628 quiequid

420 2632 479 2694 but
501 2630 581 2692 videt
603 2639 655 2692 aut
676 2631 768 2708 audit,
791 2635 940 2711 spumosis
963 2631 1104 2693 dentibus
1128 2635 1225 2710 angit:

422 2715 484 2787 Cui,
508 2732 567 2793 quo
589 2733 639 2776 res
662 2715 777 2784 melior,
801 2724 847 2777 est
869 2716 1020 2777 iracundia
1045 2715 1148 2795 major,

421 2800 459 2862 Et
482 2799 568 2869 bana.
592 2818 670 2880 quae
692 2801 787 2861 reiicit
809 2798 893 2877 alios,
917 2800 997 2863 lrunc
1019 2802 1115 2862 inlicit
1138 2819 1214 2861 esca.
1361 2810 1392 2859 te

422 2884 524 2957 Cedat,
547 2886 584 2946 ad
607 2887 748 2948 lrrtuitum
771 2887 856 2947 cuius
878 2889 1082 2968 corrumpitur
1105 2905 1165 2959 aer,

423 2973 530 3053 Meque
553 2974 635 3033 siout
656 2970 851 3052 'broilumque
875 2990 974 3033 arrerrm
998 2975 1127 3033 transire
1150 2990 1321 3053 parumper.

422 3058 481 3122 iles
503 3066 604 3138 gestae
627 3075 792 3138 regumque
815 3059 986 3140 (lucrumque
1008 3060 1119 3120 ferocia
1143 3061 1219 3121 iacta

311 3163 313 3166 ·
423 3143 488 3215 0110
510 3145 602 3206 scribi
625 3151 747 3225 possent
770 3163 895 3206 numero
917 3147 1091 3228 monstravit
1112 3145 1270 3208 liomerus.

423 3231 543 3292 Scilicet
566 3231 696 3298 heroico.
720 3231 837 3291 dicetur
860 3230 996 3300 forsitan:
1020 3232 1068 3291 isti
1356 3239 1391 3288 20

423 3315 553 3378 Currere
575 3315 714 3376 versiculi
737 3317 805 3396 quia
830 3314 975 3376 deberent
997 3314 1074 3395 pede
1097 3313 1158 3385 tali,

423 3400 570 3481 Quodque
592 3419 646 3481 per
670 3403 792 3479 exiguos
815 3418 991 3480 magnorum
1015 3418 1120 3480 anagnu
1145 3401 1274 3462 virorum

423 3485 542 3550 Proelia
567 3505 625 3548 ooo
649 3487 755 3550 deceat
777 3487 878 3567 elegos
900 3488 1066 3568 scripsisse,
1091 3486 1271 3568 probabunt.

423 3573 501 3636 Sane
525 3572 667 3644 concede,
692 3573 744 3635 sed
768 3581 851 3652 gesta
875 3575 1043 3637 miserrima
1067 3573 1166 3635 scribo

425 3661 462 3722 m
483 3670 600 3738 strages
623 3661 746 3722 miseras
768 3661 957 3730 miserorum.
981 3663 1032 3742 qui
1055 3661 1190 3722 misereri
1357 3668 1394 3718 ee

424 3745 591 3807 Nolueraol
612 3744 670 3806 sibi
693 3765 749 3807 nee
772 3747 837 3808 aliis
861 3747 913 3808 sed
938 3757 1033 3808 morte
1056 3745 1209 3808 roetebant

491 3947 518 4012 ⁸)
536 3963 634 3999 monus
652 3951 796 4000 recentior.
831 3951 855 4004 7,
874 3964 960 3999 emar
982 3950 1027 3999 ine
1040 3965 1089 4015 pro
1102 3949 1247 4000 habebam.
1284 3951 1323 4004 18.
1335 3947 1393 3999 Ho-

423 4016 490 4067 ratii
508 4024 573 4068 sunt
590 4018 622 4072 Δ.
641 4022 712 4084 poet.
730 4031 755 4074 v.
774 4018 815 4072 73.
886 4019 926 4068 21.
971 4031 1026 4068 eus.
1046 4016 1126 4084 quod.
