3340 4788
393 675 455 741 100
618 676 680 728 Lib.
697 674 750 727 111.
785 691 811 727 v.
830 673 975 730 subtis.
1011 671 1076 724 Lib.
1094 671 1141 724 iv.

391 829 569 893 Transvolst
590 828 672 891 lilius
694 847 749 910 per
771 826 845 890 colis
868 829 974 906 sagitta
998 824 1121 889 trabalis

388 957 392 966 -
437 917 522 978 diissa
546 932 637 977 manu
659 912 788 975 Paridis.
835 911 938 974 Exitus
962 913 1018 974 iste
1041 911 1141 973 ducis!

391 999 468 1073 Quid
492 1007 651 1082 penetrare
670 998 753 1082 juvat
775 995 894 1060 sublimi
917 995 995 1058 celsa
1018 995 1137 1058 volatui

434 1086 491 1158 Qui
515 1084 634 1152 cecidit.
656 1083 755 1145 stabili
778 1101 839 1144 non
862 1088 928 1144 erat
949 1081 999 1143 ille
1020 1080 1125 1161 gradu

392 1172 511 1234 Corruit
533 1171 584 1230 iric
606 1169 724 1238 misere.
749 1166 862 1246 plaudit
883 1163 1012 1244 Trojano
1034 1165 1183 1243 juventus,

435 1254 556 1316 Hostlca
579 1260 662 1330 terge
687 1253 805 1332 premit,
828 1250 943 1312 Graeca
966 1259 1084 1312 caterva
1108 1252 1191 1329 sugit.
1316 1260 1367 1312 eto

392 1338 486 1401 'isoes
507 1339 677 1419 impingunt
698 1338 728 1398 in
751 1346 858 1408 castre,
883 1335 973 1397 ierlre
995 1335 1146 1414 Pelasgos,

435 1422 557 1486 Solvere
581 1423 721 1506 captivos,
745 1423 816 1501 igne
839 1438 975 1483 cremare
997 1430 1087 1482 ratos.

353 1583 358 1592 ,
394 1509 533 1572 Occurrit
555 1507 718 1570 Telamone
741 1515 832 1576 setus.
856 1506 991 1569 defendit
1012 1501 1151 1577 dclriros,

435 1596 537 1677 Pugna
561 1596 592 1658 iit
614 1594 736 1676 grandis
759 1596 787 1656 in
812 1595 938 1657 statione
961 1595 1062 1657 meris.

281 1737 283 1740 .
392 1686 531 1747 Attamen
554 1685 584 1744 in
608 1689 705 1746 casira
728 1681 932 1764 reprimuntur
955 1683 1083 1762 turpiter
1105 1681 1187 1763 Argi,

436 1770 551 1832 Suiilcit
573 1771 736 1831 introrsum
760 1767 915 1831 delituisse
937 1767 1004 1830 sibi.

471 1963 477 1974 =
520 1934 795 1991 conscinditur
814 1933 863 1988 DE
883 1933 995 1990 OBITU
1013 1933 1234 1991 PALAMEDIS.

337 2095 339 2099 .
393 2042 528 2105 Conticet
550 2041 586 2102 ad
611 2039 684 2104 isles
708 2048 832 2104 eventus
853 2043 949 2103 Aeaea
972 2041 1083 2121 proles,

435 2126 524 2207 Cujus
546 2128 730 2190 inaestuerat
751 2129 855 2190 intima
879 2127 981 2190 cordis
1002 2146 1097 2190 amor.

391 2211 456 2275 Nox
479 2210 577 2274 lucem
601 2211 720 2280 clandit,
743 2214 790 2272 rix
815 2212 958 2274 claudunt
980 2213 1078 2274 sidera
1102 2212 1224 2284 bellum,

436 2295 508 2359 Belli
531 2315 580 2358 res
602 2300 715 2379 poterit
737 2295 878 2358 claudere
901 2297 982 2359 nulla
1005 2299 1093 2362 sitim.

392 2381 509 2444 Deilent
532 2380 705 2461 belligerum
728 2381 849 2463 Phrygii
874 2383 1057 2463 Sarpedona,
1081 2381 1194 2444 delient

434 2465 630 2546 Deiphobum,
654 2466 779 2546 plangor
801 2485 861 2528 noo
885 2467 974 2528 habel
996 2466 1046 2528 ilie
1068 2466 1201 2529 modum.

392 2549 441 2610 Sic
465 2559 494 2609 et
515 2551 623 2611 dclrira
647 2550 753 2611 domus
777 2550 828 2610 list
850 2549 888 2610 olr
911 2550 1024 2611 obitum
1047 2550 1224 2622 Palamedis,

434 2631 566 2695 Turbida
589 2650 645 2711 pro
667 2632 765 2695 subita
788 2632 957 2714 perditione
980 2634 1075 2696 ducis.

392 2716 606 2778 Lamentantur
627 2718 683 2788 ita;
707 2719 752 2777 uir
773 2719 1014 2779 servantissimus
1037 2721 1125 2796 acqui

434 2801 495 2872 Vir,
520 2819 608 2880 quern
632 2801 785 2879 condigne
802 2800 945 2882 plangere
969 2819 1058 2864 nomo
1081 2809 1188 2882 potest,

391 2885 509 2957 lludax,‘
528 2887 687 2957 discretus,
711 2885 785 2949 nulli
807 2889 918 2967 pietate
942 2887 1092 2950 secundus

434 2971 557 3045 Occidit,
582 2975 714 3036 occisum
739 2971 865 3037 Graecia
889 2972 1004 3054 plangit
1026 2972 1143 3036 herum.

714 3183 825 3245 LIBER
850 3181 1035 3255 QUARTUS.

521 3312 714 3369 INCIPIUNT
732 3312 916 3369 CAPITULA
935 3312 1075 3379 Quadri
1092 3312 1231 3384 diuitis)

390 3421 445 3483 llic
467 3420 575 3481 iterum
599 3429 707 3499 regnat
728 3423 941 3499 Agamemnon.
988 3418 1090 3481 Castra
1113 3421 1264 3498 lugentur.

391 3505 515 3568 Bisseno
537 3512 595 3567 stet
617 3523 716 3586 pugne
740 3506 798 3577 dio,
821 3522 878 3584 pax
902 3523 1005 3567 mense
1029 3503 1160 3585 duplato.

458 3676 514 3732 863,
534 3689 642 3740 margo:
661 3673 745 3738 eju.
814 3675 873 3730 865.
891 3674 959 3741 Argi
978 3690 1027 3740 pro
1046 3675 1115 3726 ormi
1133 3675 1239 3726 codicis
1258 3693 1273 3728 e
1291 3694 1362 3730 mer·

391 3743 465 3806 gine.
518 3743 576 3794 stt.
595 3758 643 3808 pro
661 3743 720 3792 cod.
739 3742 874 3796 eontinet.
893 3743 1037 3797 adrentus.
1049 3769 1082 3778 -
1095 3745 1127 3793 In
1142 3745 1266 3809 margine
1280 3753 1361 3797 uoles

390 3811 501 3860 Aeacus
518 3810 616 3874 genuit
633 3805 756 3872 Pelenm,
776 3808 879 3859 Peleus
897 3808 1040 3859 Achillem.

458 3875 485 3940 ¹⁵)
505 3875 598 3926 Codex
617 3881 725 3928 tuntum
743 3875 827 3926 linbot
845 3877 873 3925 in
892 3878 1032 3941 margine:
1053 3877 1179 3942 capitulo
1192 3881 1285 3943 quarti
1297 3879 1361 3930 libri

391 3946 443 4005 „cl
460 3948 524 4006 post
537 3949 742 4008 argumentum:
762 3949 878 4008 qrrsrtns
890 3943 986 3992 liber“.
1015 3943 1197 3994 instruximus
1210 3952 1241 3996 ut
1254 3947 1361 3998 invoni-

377 4011 450 4060 'mus
463 4008 536 4076 apud
550 4011 656 4074 priores
669 4008 764 4062 libros.
795 4007 971 4074 Negligontio
984 4009 1139 4060 rrrbricutor
1152 4026 1167 4061 o
1181 4013 1268 4076 primo
1282 4029 1362 4065 rersn
