3674 4790
709 663 740 716 V.
761 667 833 716 32-
843 667 886 718 ⁷2.

377 810 489 873 πίστιν
512 811 684 894 μεγίστην,
707 808 763 872 καί
786 803 874 874 Θεὸν
897 807 1115 895 μαρτύρεται·

376 917 463 998 ἔγνω
486 915 553 1001 γὰρ
576 910 598 1000 ἡ
621 912 765 982 τάλαινα
788 917 976 1001 συμφορῶν
1000 913 1083 1000 ύπο,

376 1013 452 1086 οἷον
474 1017 634 1107 πατρςόαν
656 1016 701 1105 μὴ
725 1027 835 1086 λιπεῖν
859 1017 987 1088 ἐσθλόν
1010 1019 1135 1106 χθόνα·

375 1138 492 1211 στυγεῖ
513 1125 550 1193 δὲ
573 1124 703 1212 κόσμον
728 1121 803 1194 οὐδ’
825 1122 928 1214 όρῦσ’
950 1123 1178 1213 εὐφραίνεται.
1272 1146 1308 1196 66

375 1235 436 1310 Εἰς
459 1236 558 1300 τοῦτο
582 1230 647 1320 γὰρ
670 1236 737 1301 νῦν
761 1231 912 1319 ἐκβέβηκ’
935 1229 1141 1320 ἀλγηδόνος,

376 1335 462 1407 ὥσθ’
484 1338 598 1427 ἵμερός
621 1338 656 1428 μ’
678 1337 811 1429 ὑπῆλθε
834 1344 877 1430 γῇ
901 1366 936 1408 τε
959 1339 1015 1409 καί
1038 1339 1131 1430 πόλφ

376 1446 465 1527 λε’ξαι
488 1451 663 1535 μολοῦσαν
686 1452 789 1534 δεῦρο
813 1451 948 1536 φύσεως
969 1445 1106 1534 βλάβας.

378 1553 479 1624 Οὔπω
502 1552 567 1644 γὰρ
591 1554 613 1643 ἡ
635 1554 778 1626 τάλαινα
801 1556 944 1626 παύεται
966 1555 1069 1644 γόων,

374 1666 531 1731 τίκτουσα
555 1663 600 1751 μὴ
624 1668 797 1750 τίκτουσα,
821 1662 984 1754 φεύγουσ’
1006 1656 1051 1733 αὖ
1073 1662 1204 1745 τόκους.
1274 1684 1310 1734 6ο

377 1768 543 1859 Δύστηιί·
568 1769 717 1860 ἐμαυτὴν
740 1770 804 1860 γὰρ
828 1773 925 1860 λέγω,
950 1772 1096 1859 λέγουσα
1119 1771 1173 1858 σὲ,

374 1883 554 1949 τίκτουσαν
578 1876 620 1950 ού
643 1886 836 1969 τίκτουσαν,
859 1879 904 1963 ὡς
927 1878 1012 1969 ὑπὲρ
1036 1878 1149 1968 λόγον.

381 1989 490 2057 Τόκον
513 1985 577 2078 γὰρ
601 1994 710 2077 ἔγνων
734 1988 870 2078 ἄτοκον,
892 1995 928 2058 τί
948 1987 1012 2078 γὰρ
1036 1989 1172 2078 φράσας

376 2095 503 2179 πόνους
526 2101 683 2185 φυγοῦσα
705 2098 762 2167 καί
785 2096 926 2187 φθορὰν
949 2101 1015 2168 νῦν
1038 2099 1095 2167 καὶ
1118 2097 1232 2169 πάλαι.

377 2202 448 2275 Ούκ
472 2202 549 2274 οἶδα
572 2208 690 2291 τέρψιν
715 2203 791 2274 οὐδ’
813 2210 978 2294 ἐπίψογον
1001 2205 1105 2296 φάτιν
1274 2225 1309 2277 66

376 2311 468 2394 τινός
490 2309 574 2402 πρός
598 2310 723 2402 ἀνδρὸς
746 2317 877 2403 μᾶλλον
899 2309 920 2382 ί
944 2317 1073 2403 χαλκοῦ
1094 2313 1217 2401 βαφάς·

377 2417 420 2488 ού
443 2417 507 2505 γὰρ
530 2424 664 2508 κορείης
687 2419 779 2507 ἅμμα
803 2421 980 2510 διέφθειρέ
1001 2447 1058 2501 τις.

373 2525 442 2594 Καὶ
466 2530 570 2594 παῖδα
593 2529 663 2605 πῶς
686 2531 830 2608 ἔτικτον;
855 2519 883 2596 τό
905 2527 1041 2614 θάμβος
1062 2526 1161 2613 μέγα·

374 2631 580 2722 ὑβρισμένον
604 2634 641 2702 δὲ
664 2637 771 2703 τανῦν
794 2638 864 2716 πῶς
888 2643 970 2703 οίσω
994 2634 1145 2721 βλέπειυς

375 2739 503 2820 πόνους
525 2745 683 2828 φυγοῦσα
706 2746 777 2822 πῶς
800 2737 976 2829 ὀδυνῶμαι
999 2743 1096 2826 κέαρ;
1274 2760 1308 2810 76

372 2846 580 2935 ’Λνηλύλαξα
603 2852 673 2929 τοῖς
696 2849 800 2918 πύλαι
823 2853 928 2939 χαρᾶς
950 2847 1029 2936 ύπο,

376 2953 424 3024 ὅτ’
445 2947 555 3041 ἦλθεν
578 2954 759 3042 εὐάγγελος
782 2953 934 3045 ἀγγέλων
956 2953 1071 3042 τόκον,

358 3151 692 3208 63-6σΜοι1.34-οο.
765 3157 870 3209 56-59
890 3152 964 3208 Med.
984 3156 1098 3208 56-59.
1184 3157 1217 3207 m
1241 3150 1310 3207 Heo.

285 3230 346 3352 ἰξοῦ.
372 3304 384 3352 ¹
412 3229 507 3352 δηφσο.
528 3222 748 3297 Agam.ssllsq.
822 3225 1200 3296 71—78Agnm.587-89.
1276 3230 1311 3280 72

345 3342 350 3354 .
389 3340 396 3367 ,
449 3342 454 3354 .

394 3415 500 3422 ..α-...-

357 3487 392 3539 54
412 3478 516 3539 ἰσθλόν
535 3499 590 3539 om.
610 3482 642 3539 D.
735 3487 769 3538 66
788 3478 893 3552 κόσμος
913 3480 950 3550 Β,
970 3475 1060 3551 κόσμο
1079 3477 1112 3536 D.
1207 3485 1241 3535 58
1259 3499 1309 3552 μο-

285 3556 392 3612 λοῦσαν
412 3555 464 3612 vA
483 3557 513 3612 et
529 3554 595 3610 Eur.
615 3573 695 3625 unus,
714 3555 801 3612 ceteri
820 3554 886 3610 Dur.
906 3553 971 3609 libri
985 3549 1125 3626 μολούση,
1139 3553 1268 3624 μολοῦσα
1278 3553 1310 3624 Β,

285 3626 412 3701 μολοῦσα
431 3627 465 3686 D.
567 3633 600 3684 66
620 3625 785 3699 φεύγουσαν
804 3649 828 3683 τ.
847 3625 880 3685 D.
983 3632 1015 3681 61
1037 3620 1154 3696 δύστην’
1176 3624 1262 3681 VDD
1281 3627 1311 3682 et

285 3703 361 3770 Eur„
381 3697 521 3772 δύστηνον
539 3701 572 3756 Λ.
664 3707 699 3757 66
718 3696 752 3756 ού
772 3700 855 3756 VAD
876 3701 906 3755 et
923 3699 998 3755 inter
1015 3714 1112 3753 versus
1132 3699 1164 3766 Β,
1184 3692 1222 3761 ὡς
1241 3698 1310 3754 τίκτ.

285 3773 316 3828 Β.
360 3777 394 3828 64
413 3770 503 3826 πύλαι
522 3771 544 3824 Β
564 3773 639 3826 inter
652 3790 748 3827 versus
767 3775 797 3826 ob
814 3771 847 3838 A,
867 3770 950 3838 πύθη
970 3772 1023 3824 cet.
1044 3774 1073 3824 et
1090 3771 1117 3824 b.
1155 3775 1190 3824 66
1212 3766 1311 3841 βαφάς

287 3844 360 3898 Aet
378 3843 453 3898 inter
471 3860 567 3899 νοτειιο
586 3844 608 3896 Β
628 3845 658 3897 οι
676 3843 791 3912 Λουσία,
825 3838 921 3914 βοίφας
939 3839 974 3910 V,
1007 3839 1093 3911 βάρος
1114 3839 1173 3894 ΒΙ).
1276 3843 1309 3895 67

286 3908 367 3985 ἅμμα
386 3915 420 3984 Ι),
439 3909 500 3985 ἅμα
520 3914 581 3980 ΑΒ,
601 3911 672 3984 αἷμα
691 3913 723 3970 V.
798 3919 831 3968 66
851 3909 886 3967 τὰ
906 3913 959 3966 νῦν
978 3911 1013 3966 D.
1090 3905 1146 3966 όσω
1166 3909 1201 3964 A.
1276 3916 1309 3966 '12

284 3977 411 4056 σἰγγέλων
430 3984 505 4053 libri,
525 3980 669 4056 ἀγγέλλων
687 3985 713 4040 d.
743 3983 826 4040 Illam
844 3984 978 4052 formam,
997 3999 1060 4038 oum
1080 3999 1136 4051 qua
1154 3976 1311 4038 ύποκτίνει

285 4057 314 4114 in
338 4078 363 4114 v.
385 4063 455 4114 1515
479 4059 509 4113 ολ
531 4054 700 4129 κερδῦνοιμι
723 4056 831 4113 Theod.
850 4057 947 4114 Prodr.
967 4054 1058 4110 Rhod.
1078 4057 1109 4109 66
1126 4055 1192 4110 Dos·
1213 4060 1242 4124 ³,
1259 4058 1310 4109 178
