3426 4786
410 648 453 715 30
801 643 993 702 summum

410 801 474 870 Per
495 824 547 870 me
569 802 735 870 salventur
774 806 830 868 tue
875 801 954 868 loria
975 801 1223 889 magnificetur!

409 887 475 955 Vix
497 911 593 974 prece
615 889 709 956 finita
730 852 825 955 luxit
846 823 1031 955 dulcissima
1052 887 1201 975 lympha,

409 973 534 1042 Elicuit
556 975 679 1042 fontem
701 974 856 1041 scatebris
877 996 966 1041 nunc
989 996 1092 1061 usque
1115 976 1303 1044 scatentem.

411 1060 597 1129 Accurrunt
618 1061 720 1148 agiles
741 1060 921 1147 sedentque
943 1061 1032 1126 sitim
1053 1059 1218 1144 sitientes,

357 1164 397 1205 ³⁵⁵
410 1145 473 1212 Est
494 1147 639 1213 extincte
661 1146 747 1225 sitis,
771 1146 902 1211 domino
924 1147 1000 1210 data
1022 1144 1155 1210 victima
1176 1144 1291 1210 laudis.

411 1229 538 1297 Olariur
560 1253 599 1297 ex
623 1230 708 1296 clero
732 1227 900 1296 Wilbrord
922 1232 986 1312 est,
1009 1228 1105 1295 altior
1125 1228 1210 1314 alto,

411 1316 500 1381 Ante
522 1317 589 1383 suis
612 1337 704 1383 carus
726 1314 910 1382 carissimus
932 1318 982 1381 est
1002 1315 1048 1381 ibi
1069 1313 1185 1385 factus.
1303 1321 1384 1379 cru

410 1399 462 1467 Ne
484 1405 595 1468 temen
617 1400 754 1467 ulterius
775 1403 912 1468 terreret
933 1421 988 1466 eos
1009 1400 1119 1488 gravis
1141 1403 1263 1478 eesbus,

410 1485 601 1554 Hauserunt
624 1487 751 1554 dulcem
772 1508 944 1573 secumque
966 1486 1069 1553 tulere
1091 1486 1249 1572 liquorem

358 1589 397 1632 κο
410 1569 486 1639 Non
509 1572 710 1656 diffidentes,
733 1572 788 1640 sed
811 1594 884 1639 eurn
906 1595 1022 1641 vexare
1044 1573 1205 1639 timentes.

451 1657 539 1728 XVI.
563 1657 746 1726 Succedunt
760 1659 850 1724 miris
865 1657 1013 1724 miranda
1027 1657 1252 1744 stupendaque
1266 1657 1382 1745 signis.

409 1741 563 1810 Intentus
584 1744 701 1810 studiis
723 1743 930 1828 caelestibus,
953 1743 1077 1809 artibus
1099 1743 1209 1827 almis,

410 1826 599 1911 Numquam
622 1827 757 1910 defecit,
778 1849 846 1892 non
867 1831 965 1892 nocte
987 1827 1102 1912 dieque
1124 1827 1262 1912 quievit,

413 1909 477 1976 Sed
500 1911 645 1977 triticum
667 1911 742 1976 fidei
763 1910 882 1996 populo
904 1910 993 1976 dedit
1014 1912 1177 1976 esurienti.

358 2009 398 2050 ωδ
411 1993 565 2078 Dumque
586 1993 707 2078 fugens
728 1999 866 2059 mortem
888 1995 1044 2059 transiret
1063 2015 1122 2093 per
1140 1993 1323 2079 regionem,

412 2076 591 2144 Occurrere
613 2079 673 2144 sibi
697 2078 917 2145 mendicantes
939 2077 1077 2144 duodenr

323 2223 327 2232 .
411 2163 573 2250 Pauperis
596 2165 728 2248 maesti,
752 2164 843 2230 nullo
865 2164 1026 2231 velamine
1048 2165 1127 2230 tecti

411 2249 457 2318 Ni
479 2251 725 2337 xerampelinis,
749 2254 897 2318 conserte
919 2251 1063 2338 tegmine
1086 2250 1198 2338 spinis.

412 2333 496 2415 Quid
520 2337 665 2406 luceret?
694 2360 760 2405 non
783 2359 836 2406 aes
859 2337 987 2420 babuit,
1016 2360 1117 2425 panes
1140 2359 1244 2426 risque
1267 2342 1382 2406 vestes.

356 2439 395 2483 ³²⁰
409 2423 471 2491 Est
492 2447 549 2491 aas
573 2425 766 2511 vimineum,
788 2428 879 2512 patet
901 2430 971 2492 artu
992 2424 1087 2492 fauce
1108 2424 1295 2506 rotundum,

408 2509 471 2577 Est
492 2509 531 2576 sd
555 2513 618 2577 iter
639 2515 785 2596 partum,
808 2511 862 2576 vix
882 2510 1032 2577 heminae
1055 2511 1142 2595 capit
1162 2510 1332 2594 haustum,

407 2594 479 2662 Hoc
500 2596 562 2662 sibi
585 2595 691 2663 delato
713 2595 816 2662 tessus
837 2596 967 2662 satiavit
987 2595 1108 2666 iaccho.

406 2679 482 2748 Non
505 2686 555 2747 est
577 2680 751 2747 exhaustus
772 2680 917 2748 modicus
940 2682 1046 2766 liquor
1067 2682 1136 2761 ille,
1159 2680 1214 2746 ssd
1237 2686 1365 2762 auctus,

407 2763 538 2832 Effusus
561 2765 651 2832 velut
671 2766 800 2832 infusus
822 2766 895 2832 fluit
915 2767 990 2831 inde
1012 2765 1148 2832 refusus.

353 2867 393 2910 eu
406 2849 588 2918 Ebiberant
610 2856 642 2917 et
664 2851 863 2917 transierant
882 2850 1105 2937 hymnumque
1127 2848 1302 2917 canebant:

406 2935 466 3004 me
488 2959 545 3003 vas
567 2937 736 3004 inventum
758 2937 835 3004 vino
857 2938 947 3004 velut
969 2942 1045 3003 ante
1067 2936 1233 3003 refertum.

406 3021 495 3100 Quae
518 3045 609 3090 mens
633 3023 809 3111 concipiat,
832 3045 915 3110 quae
937 3022 984 3089 lin
1032 3022 1191 3090 adiaertu
1214 3027 1353 3108 retexat,

407 3108 538 3187 Quanta
560 3111 611 3176 dei
633 3111 738 3196 pietus
760 3111 816 3196 sit,
840 3113 965 3196 quanta
1009 3111 1130 3196 enigna
1147 3109 1318 3194 voluntas,

406 3193 483 3260 Sela
504 3201 671 3262 creaturae
692 3196 793 3261 totius
816 3217 915 3261 causa
935 3195 1108 3261 creandael

352 3278 485 3343 masse
506 3281 705 3344 voluntatem
729 3283 857 3345 constet
877 3301 984 3344 rerum
1007 3279 1214 3364 genetricem.

384 3427 386 3432 ,
405 3360 555 3447 Optimus
578 3367 628 3427 est
644 3363 721 3427 daus
737 3364 861 3447 optima
874 3366 991 3428 cuncta
1005 3364 1118 3428 volens
1134 3367 1167 3428 et
1180 3361 1372 3446 adimplens,

404 3447 522 3512 Omnis
544 3467 626 3545 quae
649 3446 768 3532 voluit,
791 3447 881 3513 canit
903 3450 940 3512 ut
960 3446 1100 3532 psaltes,
1122 3448 1169 3511 ita
1191 3445 1283 3512 fecit:

403 3529 527 3617 Hylen,
551 3531 652 3612 rdeas,
675 3532 816 3616 caelum,
839 3535 973 3614 terram,
996 3533 1094 3598 maris
1117 3533 1221 3597 undas

471 3777 521 3828 ³54
540 3771 711 3828 sicientasG
762 3779 812 3828 ³52
830 3772 971 3829 exstincta
984 3772 1042 3828 GT
1091 3778 1140 3829 861
1160 3773 1377 3830 Sucuaeduntdl

402 3844 453 3895 367
479 3839 630 3896 celestibus
658 3840 683 3895 T
768 3847 815 3898 871
847 3843 957 3897 eminae
985 3841 1043 3896 GT
1128 3848 1178 3898 ³72
1204 3841 1296 3912 yacbo
1322 3841 1381 3899 GT

402 3912 452 3963 ³⁷5
495 3925 593 3963 rnuum
615 3925 650 3964 ue
670 3908 728 3965 GT
794 3915 844 3965 376
867 3909 947 3981 ante]
967 3911 1032 3965 aute
1053 3909 1080 3965 θ
1148 3915 1198 3966 377
1221 3908 1379 3966 deserta}¹

402 3983 452 4033 879
501 3976 561 4032 cius
612 3977 639 4034 T
706 3976 1019 4048 388Ylenydess01‘
1052 3976 1189 4035 celumT
