3372 4788
461 733 522 802 162
780 739 844 792 ιιι.
862 740 894 793 v.
930 755 955 796 v.
973 741 1117 793 oro-oss.

459 893 520 954 ilex
544 893 671 975 populos
694 895 790 955 accito
813 910 906 955 noros
928 901 958 955 et
980 902 1102 955 contere
1125 903 1239 973 geistes,

505 977 542 1040 Ut
565 988 635 1041 tuna
657 987 686 1040 et
709 979 823 1059 patriae
845 985 1042 1060 perpetuatur
1064 977 1176 1041 honos:

462 1065 582 1138 Fortior
603 1065 633 1127 in
657 1061 735 1126 inlra
759 1082 853 1127 novus
875 1075 921 1127 est
942 1063 1087 1144 gladiator
1109 1082 1211 1137 acerra,
1376 1075 1428 1124 ora

501 1149 597 1221 Quam
619 1151 668 1211 eui
690 1157 759 1212 sunt
782 1156 863 1212 tanta
887 1149 1008 1212 brachia
1030 1151 1108 1212 iesse
1131 1169 1226 1212 mora.

459 1234 582 1314 integer
604 1242 651 1296 est
672 1233 778 1296 melior
800 1233 905 1296 nitidis
926 1233 1070 1313 gladiator
1093 1236 1124 1296 in
1148 1235 1247 1303 armis.

503 1316 599 1390 Onam
622 1320 671 1382 oui
694 1319 751 1383 teia
773 1336 828 1381 suo
850 1322 996 1397 sanguine
1019 1322 1111 1381 tincta
1135 1318 1255 1382 rubent.

460 1404 609 1467 Dessoiunt
632 1404 721 1467 validi
743 1404 887 1482 longaevo
910 1413 1046 1485 tempore
1069 1408 1147 1467 tauri

501 1489 538 1551 lit
559 1489 708 1573 quondam
732 1491 830 1571 turpis
852 1491 884 1551 lit
906 1490 994 1552 modo
1018 1487 1141 1570 pulcher
1164 1507 1268 1568 equus.
1378 1498 1431 1548 uro

461 1574 521 1638 Nos
543 1594 663 1659 quoque
686 1576 839 1638 defluimus
861 1574 942 1656 longi
965 1573 1126 1638 luctamine
1149 1575 1230 1648 helii,

504 1660 578 1734 Quis
602 1663 666 1723 sine
689 1663 746 1724 iiue
770 1670 868 1743 potest
889 1670 934 1724 tot
955 1661 1031 1724 mala
1054 1671 1173 1743 tamque
1196 1663 1275 1742 parii

463 1747 547 1811 Unde
570 1750 631 1830 pati
653 1766 757 1829 paoem
781 1749 918 1829 petimus,
942 1745 1111 1830 bellumque
1134 1745 1250 1828 repelli,

506 1833 662 1896 Sudaruut
683 1830 770 1897 hellis
794 1833 918 1896 brachia
940 1841 1041 1896 nostra
1063 1836 1146 1896 satis.

461 1920 568 1981 Tutius
592 1927 646 1990 est,
670 1927 833 1999 aptumque
855 1921 960 1997 magia,
983 1917 1138 1982 discedere
1161 1936 1245 1999 pace,
1379 1927 1431 1978 seo

506 2000 601 2074 Quom
624 2021 745 2083 semper
766 2001 845 2064 heila
867 2001 996 2083 litigiosa
1018 2005 1113 2082 sequi.

461 2087 574 2150 Omnes
595 2089 687 2150 vincit
709 2105 781 2167 opes
803 2104 940 2150 securam
963 2087 1075 2150 ducere
1098 2088 1196 2158 ritanr.

503 2173 642 2235 [leterius
664 2172 740 2235 nihil
763 2183 819 2245 est.
842 2191 932 2255 quam
954 2174 1048 2235 miser
1071 2191 1142 2234 usus
1164 2190 1265 2253 opum.

460 2256 582 2320 Scilicet
603 2259 758 2338 ingenium
780 2266 878 2319 totum
901 2275 1079 2320 consumere
1101 2275 1238 2338 regnum,

503 2343 617 2406 lituos
640 2351 670 2406 ot
692 2341 788 2406 claras
809 2341 1021 2406 Laomedontis
1043 2361 1124 2426 opes.
1383 2353 1434 2404 oso

462 2429 579 2492 Orexi
602 2449 620 2492 o
643 2430 776 2492 Priamei
798 2447 855 2511 pax
878 2429 966 2492 detur
987 2447 1104 2512 parque
1126 2431 1263 2510 rogetur!

504 2513 635 2577 Alterius
658 2532 717 2576 non
740 2516 788 2586 sit,
811 2515 864 2595 qui
885 2533 957 2576 suus
980 2533 1045 2577 esse
1068 2524 1176 2595 potest.

666 2693 940 2768 [marmonium
959 2695 1218 2767 anemurum]

345 2832 351 2842 ·
460 2817 693 2898 Amphimachus
716 2817 918 2880 stomachatur
941 2818 976 2880 sd
1000 2817 1082 2890 haee,
1107 2829 1171 2882 erat
1193 2819 1241 2881 hic
1257 2818 1433 2883 adolescens

506 2900 541 2965 Et
565 2904 651 2966 lortio
673 2903 783 2966 Priami
806 2901 894 2974 tilius.
917 2905 974 2966 ista
997 2902 1131 2985 loquens.

533 3108 680 3160 uro—oio.
699 3106 780 3160 ovio.
798 3099 885 3159 'laiac
903 3107 952 3173 lv,
970 3107 996 3171 o,
1014 3109 1116 3161 o1—aa

601 3176 713 3228 Fortior
730 3176 759 3227 in
778 3175 855 3229 inira
872 3191 961 3229 novus
980 3180 1024 3228 eat
1041 3175 1162 3228 luctator
1179 3191 1275 3240 arena,

631 3245 720 3307 Quam
738 3245 785 3295 eui
803 3248 868 3296 aunt
886 3243 969 3294 tarda
987 3245 1098 3296 hraehin
1117 3246 1194 3296 ieaaa
1211 3261 1296 3297 more.

597 3313 712 3377 integer
729 3317 773 3363 eat
790 3312 886 3362 nitidis
905 3310 1001 3363 melior
1018 3311 1183 3394 gladiator
1176 3328 1205 3363 ιιι
1222 3314 1313 3375 armis,

630 3379 719 3441 Quam
736 3379 780 3431 oui
798 3378 856 3430 tela
874 3393 924 3430 suo
941 3380 1077 3446 sanguine
1097 3381 1187 3432 tincta
1204 3381 1315 3433 rubent.

364 3447 366 3451 ’
460 3450 519 3504 otu.
538 3448 580 3499 90.
599 3445 783 3512 (Maximino.)
802 3447 881 3513 Eleg.
898 3445 921 3511 l,
939 3448 997 3505 999.
1017 3449 1058 3504 it).

580 3514 722 3572 Deficiunt
740 3515 827 3568 relidi
843 3514 889 3566 ion
912 3531 981 3568 aero
999 3520 1122 3582 tempore
1142 3517 1230 3569 tauri:

613 3583 658 3650 lit,
678 3585 815 3650 quondam
834 3584 899 3651 pulo
920 3600 958 3647 er,
977 3583 1009 3634 iit
1026 3585 1105 3636 modo
1122 3590 1186 3653 turp
1188 3586 1212 3636 ia
1231 3599 1327 3652 equus.

461 3653 521 3706 999.
541 3651 622 3706 Orid.
640 3623 754 3704 llomed.
772 3653 833 3704 999.
903 3655 962 3706 oio.
981 3653 1102 3703 imitatio
1119 3653 1171 3709 Or
1169 3602 1266 3709 Uliam
1285 3656 1344 3706 oto.

631 3719 758 3786 Quamp
760 3725 839 3772 aiere
857 3736 875 3771 a
894 3719 1025 3772 thalamis
1044 3721 1169 3787 litigiosa
1187 3720 1256 3774 lora

460 3789 521 3839 997.
540 3789 583 3840 98.
605 3786 693 3840 Aaou.
716 3787 814 3840 Nerei.
838 3804 865 3854 p.
884 3789 934 3839 999
957 3787 1006 3840 lin.
1027 3789 1067 3840 19.
1088 3790 1120 3839 19
1146 3788 1196 3841 hoa
1218 3804 1315 3841 versus
1338 3791 1433 3855 habet,

461 3860 554 3906 tamen
573 3859 656 3906 sonat
674 3854 811 3906 secundus

591 3922 747 3988 Pauperiua
763 3923 834 3974 nihil
853 3929 897 3974 est
915 3937 997 3988 quum
1016 3923 1105 3975 molus
1122 3938 1190 3975 traua
1207 3939 1298 3990 opum.

461 3991 519 4045 999.
541 3991 627 4042 iinon.
646 3987 745 4040 Nerei.
762 4005 790 4055 p.
809 3991 866 4042 oua.
885 3989 934 4044 lin.
952 3989 1039 4041 ultiraa.
1092 3993 1149 4042 999.
1167 3991 1221 4040 eir.
1241 3989 1335 4045 Gnalt.
1354 3990 1433 4042 Alex.

461 4057 587 4119 1v,rar.
642 4054 770 4108 consulis
790 4057 931 4108 arbitrium
950 4058 1017 4107 tulit
1035 4072 1116 4124 aegre
1135 4059 1254 4122 Magnus
1273 4061 1327 4112 eie
