3372 4788
593 727 655 780 Lib.
673 727 720 780 Vl.
756 744 781 784 a.
803 729 930 782 '13-10i.

283 883 391 947 illesus
412 880 579 946 Alexander
602 890 648 946 est
669 891 698 945 te
720 881 873 954 suadente,
897 884 1009 946 reversi

327 967 475 1049 Tyndaris
497 977 543 1030 est
561 967 665 1048 juncta
688 986 743 1048 per
765 977 816 1030 tua
838 968 929 1030 rerba
952 968 1048 1030 tlroro.

282 1053 327 1114 An
350 1070 409 1115 non
431 1054 546 1115 Aeneas
568 1051 683 1114 Paridis
704 1053 762 1114 luit
784 1054 814 1113 in
837 1056 989 1124 comitatu,
1221 1061 1255 1112 as

326 1136 423 1208 Quum
445 1137 504 1198 luit
525 1137 555 1198 ln
579 1145 711 1199 nostram
735 1144 818 1198 recta
840 1136 974 1198 Lacaena
997 1135 1137 1198 domum?

280 1217 397 1283 ,Proelia
421 1227 500 1283 mota
523 1218 606 1282 rides
630 1227 659 1282 et
680 1223 786 1283 lunera
808 1218 890 1282 mille
912 1229 1057 1304 peremta,

243 1318 246 1322 ’
324 1303 492 1368 Transtulit
513 1303 572 1366 huc
593 1306 671 1367 vires
692 1306 819 1369 Graecia
842 1313 904 1369 tota
926 1323 1011 1375 suas:

283 1390 437 1454 lnnurneri
460 1391 599 1453 cecidere
621 1391 714 1453 duces
736 1393 893 1473 utriusque
915 1391 1058 1462 cohortis,

326 1477 400 1539 Cum
423 1474 512 1556 vulgo
534 1475 608 1539 nulli
631 1495 737 1538 mucro
759 1478 895 1558 pepercit
917 1476 1001 1540 hero.
1220 1487 1255 1538 80

283 1561 315 1623 Si
337 1560 414 1624 mala
438 1570 510 1624 sunt
531 1563 587 1624 ista
610 1561 686 1625 mala
709 1565 780 1635 sint,
803 1562 881 1626 hona
904 1566 931 1626 si
953 1563 1041 1635 bona,
1066 1581 1168 1626 verum

325 1647 440 1709 Aeneas
464 1656 494 1708 et
514 1656 547 1710 tu
570 1646 795 1710 confabricastis
817 1668 860 1710 ea.

282 1731 369 1794 Certe
391 1733 416 1793 si
439 1731 515 1793 mala
538 1740 618 1802 sunt,
642 1735 780 1794 incentor
803 1751 836 1794 es
856 1735 922 1813 ipso
945 1731 1103 1803 naulorum,

325 1815 426 1898 Deque
449 1816 533 1879 malis
555 1819 646 1878 tantis
665 1815 735 1896 jure
759 1817 909 1880 vocandus
931 1835 1008 1879 eras.

281 1899 426 1964 Mortibus
449 1902 615 1966 innumeris
637 1921 692 1982 per
714 1911 744 1965 tc
767 1903 824 1965 dua
847 1920 941 1983 regua
964 1909 1100 1973 ruerunt,
1219 1911 1254 1962 tto

323 1987 356 2050 ln
379 1987 508 2051 nibilum
531 2006 586 2068 per
608 1998 637 2052 te
659 1987 749 2068 TroJ'a
773 1987 893 2052 redacta
914 1991 1005 2070 jacet.

281 2073 376 2153 Digna
398 2092 453 2157 pro
476 2077 592 2138 meritis
613 2075 741 2138 deberes
764 2077 845 2139 rivus
867 2075 995 2146 humari,

324 2159 382 2223 'l'ot
403 2161 472 2243 quis
495 2159 627 2225 consiliis
649 2163 792 2224 interiere
814 2164 889 2234 tuis:

281 2245 344 2308 llec
365 2247 460 2309 relect
482 2266 519 2310 an
542 2248 582 2310 sis
603 2247 731 2310 mediata
754 2247 800 2309 rel
825 2247 997 2310 immediata

325 2333 418 2395 Causa
441 2332 519 2402 mali,
543 2331 605 2395 sola
627 2331 674 2394 lex
698 2332 734 2395 ari
760 2342 920 2411 utrumque
944 2333 1023 2394 lacit.
1220 2341 1255 2392 ao

281 2417 347 2480 Non
370 2437 403 2480 es
425 2436 523 2489 causa,
545 2418 597 2480 sed
622 2437 654 2480 es
677 2418 762 2481 nobis
785 2421 903 2481 occasio
926 2415 1071 2499 quaedam

323 2501 493 2576 Bellornm;
517 2522 577 2566 non
601 2522 633 2566 es
655 2522 747 2574 arma,
770 2504 928 2587 sadanma
952 2521 1083 2570 morans.

282 2587 420 2652 Consiliis
443 2590 517 2659 istis,
540 2589 567 2651 si
590 2607 674 2651 mens
696 2607 755 2652 non
778 2588 861 2653 laeva
884 2589 999 2660 luisset,

326 2673 496 2737 Debuerant
517 2695 607 2738 aures
629 2673 808 2739 abstinuisse
830 2694 924 2738 rnaae.

282 2761 314 2822 Si
336 2758 413 2822 bona
435 2769 506 2824 sunt
527 2765 593 2830 ista,
617 2780 710 2843 quare
732 2763 852 2825 flexisse
875 2762 987 2824 rideris
1220 2773 1255 2823 so

326 2846 515 2927 Propositum
538 2848 626 2907 citius
649 2865 665 2908 a
687 2845 820 2910 bonitate
843 2864 963 2927 repens.

284 2931 419 2993 vinceris
441 2930 491 2992 lric
510 2928 579 3010 jure
601 2934 771 2994 contrarius
792 2933 837 2993 irc
859 2933 964 3012 priori,

328 3015 496 3077 Dissolvunt
519 3023 649 3076 retorem
669 3015 731 3094 jam
756 3034 829 3077 nora
853 3015 941 3077 rerba
964 3015 1065 3078 tidem.

285 3097 350 3168 Ouo
372 3105 490 3160 teneam
512 3099 591 3161 nodo
613 3106 777 3162 mutantem
799 3100 905 3162 Protea
928 3099 1046 3162 vultusi

327 3184 368 3244 [le
391 3183 503 3262 duplici
525 3183 618 3244 rerbo
641 3185 736 3266 turpis
759 3182 886 3248 habetur
909 3184 1007 3246 homo.
1206 3195 1256 3268 100

283 3267 470 3349 Propositum
492 3267 622 3350 sepelire
646 3269 757 3332 bonum
781 3288 839 3332 uon
863 3269 996 3334 arbitror
1019 3288 1147 3352 aequum

324 3359 382 3418 tut
403 3353 501 3418 clarae
524 3355 592 3418 ildei
616 3355 720 3418 lraurle
743 3358 863 3436 nigrare
886 3364 1007 3419 statum.

283 3440 347 3503 Non
370 3443 432 3504 aris
453 3441 568 3504 utiliter
591 3443 708 3504 viscatis
731 3442 837 3522 elingit
859 3441 924 3513 alis,

324 3528 391 3591 Non
414 3526 492 3590 bene
514 3528 551 3590 de
574 3527 648 3592 laxis
670 3528 784 3592 ratibus
807 3532 870 3592 exit
891 3547 973 3610 aper.

282 3787 322 3836 70.
340 3782 427 3838 schol.
447 3798 486 3836 sc.
505 3784 666 3837 Alexandri.
736 3787 776 3836 74.
794 3783 883 3840 schol.
902 3785 1021 3837 Helena.
1053 3776 1056 3783 ’
1083 3785 1124 3835 70.
1144 3785 1210 3834 Lac.
1229 3799 1254 3838 e.

281 3852 406 3918 margine
425 3867 474 3917 pro
492 3851 582 3903 leena.
619 3851 711 3906 Schol.
729 3852 849 3904 Helena.
907 3855 966 3907 100.
985 3851 1082 3906 Anien.
1100 3852 1203 3916 xxlx,
1221 3853 1255 3902 at

461 3919 517 3971 Hie
535 3920 589 3971 erit
605 3919 721 3984 invisus,
743 3921 808 3971 bina
826 3919 900 3987 quoti
919 3936 968 3971 ora
986 3924 1073 3986 gerat.

283 3989 338 4041 loa.
359 3986 413 4037 alit
429 4002 479 4054 pro
497 3987 561 4040 elis.
624 3989 681 4040 100.
701 3991 726 4040 4.
750 3987 845 4040 Ovidii
863 3993 929 4042 sunt
946 3989 998 4040 Ars
1016 3987 1075 4045 Am.
1094 3989 1123 4053 1,
1142 3989 1200 4040 ael.
1220 3987 1254 4038 02

281 4058 330 4122 qui
348 4059 442 4108 temen
461 4057 646 4124 precatibus,
666 4056 791 4108 cassibus
809 4056 902 4110 habat.
