3340 4788
582 697 646 754 Lib.
663 698 701 750 11.
737 712 763 753 r.
781 697 926 749 oto-tit.

467 846 592 903 VERBA
610 844 821 902 rmauuuls
838 844 1036 906 uuululosi.

269 955 400 1033 Coeptus
422 953 461 1015 ab
482 950 624 1030 agricolis
645 969 772 1032 superos
794 951 915 1014 devenit
936 951 973 1012 ad
996 971 1100 1014 omnes

311 1037 493 1099 Ambitiosus
515 1037 622 1106 honor,
645 1035 736 1097 corda
759 1035 889 1116 superba
911 1054 1046 1098 movens.

268 1121 401 1184 Moverat
422 1120 546 1183 ambitio
567 1118 766 1190 Palamedem,
790 1137 899 1200 nempe
922 1120 1042 1180 tenendi

311 1205 434 1287 imperii
458 1212 611 1284 sceptrum
635 1221 722 1267 causa
747 1204 910 1266 momordit
932 1223 1011 1266 eum.

267 1291 374 1354 Verbis
397 1298 428 1352 et
449 1289 538 1352 dictis
561 1307 667 1352 omnes
689 1290 794 1351 audire
817 1289 950 1352 veientes
1184 1299 1237 1351 ouo

310 1373 364 1440 Sic
385 1376 421 1438 ad
445 1376 632 1456 propositum
654 1383 798 1456 provocat
818 1375 881 1456 ipse
904 1393 1002 1438 suum.

268 1461 336 1526 Non
358 1461 437 1525 bene
459 1479 510 1524 res
531 1463 639 1542 agitur,
661 1461 770 1544 inquit,
792 1469 858 1524 sunt
883 1461 981 1524 omnia
1004 1460 1095 1541 digno

312 1549 371 1610 'lot
392 1555 517 1630 propter
538 1565 680 1629 proceres
700 1547 769 1628 jure
790 1548 922 1628 regenda
944 1555 1034 1610 statu.

270 1634 380 1714 Reges,
403 1637 492 1715 quiae
514 1631 613 1696 solent
633 1633 743 1712 regalia
767 1641 886 1714 sceptra
908 1639 1023 1705 tencre,
1045 1629 1048 1632 ’

313 1719 417 1798 ilignis
438 1726 562 1780 ornatos
582 1717 716 1779 moribus
738 1735 806 1779 esso
828 1719 924 1780 decet
1187 1729 1237 1780 ooo

269 1804 334 1867 Non
357 1810 428 1864 aunt
448 1801 590 1865 laudandi
611 1804 668 1865 nisi
690 1803 877 1876 strenuitate,
899 1800 1009 1876 valore,

310 1888 440 1966 Robore,
463 1888 600 1960 oonsilio,
625 1887 802 1968 dapsilitate,
825 1888 927 1952 duces.

270 1977 317 2040 Sit
338 1994 391 2040 rex
413 1973 564 2049 flexibilis,
587 1976 663 2058 pius,
687 1973 849 2038 exorabilis
870 1976 956 2056 isque

312 2061 464 2143 Subjectis
485 2081 590 2144 agnus,
613 2060 752 2125 hostibus
774 2081 862 2125 ursus
884 2063 951 2124 erit.

270 2150 427 2230 Nunquam
449 2151 635 2229 conspicitur
658 2147 781 2210 meliore
803 2149 934 2228 potentia
958 2167 1057 2214 causa.
1187 2157 1239 2209 tuo

311 2233 407 2305 Onam
430 2235 547 2312 quoties
568 2250 659 2294 ranas
680 2251 740 2294 non
763 2236 837 2294 sinit
857 2251 924 2295 ease
945 2249 1062 2312 preces.

272 2317 317 2379 Sit
339 2319 578 2397 circumspectus
598 2333 663 2387 rex,
685 2317 916 2396 circumspectio
937 2317 1032 2393 regio:

311 2401 432 2462 Famam
456 2399 544 2461 laude
566 2399 670 2478 replet,
694 2416 744 2459 res
765 2402 797 2459 ln
820 2397 937 2460 bonore
959 2405 1051 2459 tenet.

269 2483 346 2544 Num
369 2481 441 2561 quid
464 2500 520 2560 ego
543 2491 647 2542 nostro
669 2480 775 2562 loquor
797 2481 848 2543 bic
863 2499 920 2562 pro
939 2481 1078 2559 principe
1093 2480 1237 2542 uerbumi

312 2566 378 2627 Non
400 2564 450 2627 dat
471 2565 507 2627 ad
531 2565 627 2626 olllcia
649 2565 766 2645 singula
789 2581 879 2645 posse
901 2582 999 2626 suum.
1186 2573 1238 2624 ‘too

262 2651 326 2719 ‚Sed
350 2649 450 2714 minus
471 2655 517 2713 est
538 2650 627 2713 docto
648 2650 719 2732 quid
743 2649 877 2730 prodest,
899 2649 979 2732 quod
1002 2649 1083 2729 gerit
1104 2655 1187 2712 extra

316 2737 436 2800 Grande
458 2734 664 2818 supercilium,
686 2737 739 2818 qui
761 2734 837 2798 nibil
859 2737 939 2798 intus
962 2733 1062 2797 babet.

269 2823 406 2904 liegnum
428 2820 581 2903 dilapidat,
605 2822 657 2904 qui
677 2839 804 2902 regnum
828 2820 950 2885 audibili
973 2819 1033 2890 dat,

314 2907 368 2972 list
388 2910 499 2971 restire
521 2907 626 2970 sudem
650 2915 766 2989 sceptra
790 2917 894 2970 tenere
916 2907 1033 2969 rudem.

269 2995 353 3059 tuoe
375 2993 454 3077 quod
477 3011 513 3057 ex
536 2991 637 3056 multis
658 3011 799 3075 proceres
821 2990 995 3074 regionibus
1017 2991 1134 3064 adsunt,
1188 3001 1239 3052 roo

312 3081 445 3162 Cumque
467 3098 522 3143 suo
545 3080 627 3143 venit
648 3081 743 3162 patria
765 3098 903 3162 quinoque
926 3077 1011 3142 duce.

269 3167 436 3248 Ingenium,
459 3184 522 3238 eor,
546 3163 712 3236 consilium,
735 3166 854 3229 virtutis
875 3183 1001 3228 acumen

311 3249 469 3326 Quaelibet
491 3270 507 3314 a
529 3252 653 3334 proprio
676 3253 757 3315 natio
779 3253 900 3333 quaerit
920 3251 1006 3313 bero.

269 3338 444 3402 Consentire
467 3339 560 3417 magis
581 3337 612 3400 bi
633 3336 822 3400 delectantur
843 3338 873 3399 in
897 3355 989 3398 unum

312 3428 335 3487 Α
358 3425 476 3488 cunctis
499 3423 639 3495 dandum,
662 3442 752 3506 quam
774 3424 911 3504 reperire
933 3421 1045 3484 datum.
1190 3429 1241 3481 tto

270 3511 323 3572 liis
345 3511 446 3574 verbis
467 3510 569 3573 allexit
590 3529 652 3580 eos.
675 3508 849 3590 studuitque
870 3509 1043 3588 trequenter

272 3673 472 3684 ———-—-

338 3763 399 3813 oto.
417 3761 551 3829 Marginis
569 3761 656 3813 aoboi.
692 3763 749 3812 lata
767 3759 934 3810 Palamedes
953 3758 1027 3809 lilius
1050 3763 1111 3808 erat
1127 3757 1241 3823 Nauplii

270 3829 321 3880 tilii
338 3830 468 3894 Neptuni.
536 3830 588 3879 est
605 3843 648 3895 aq.
677 3829 835 3879 conletatur
858 3825 983 3877 Gualteri
1007 3823 1165 3879 Alexandr..
1192 3824 1241 3874 ubi

271 3896 342 3946 libro
378 3896 465 3960 primo
495 3895 662 3947 Aristoteles
696 3893 791 3945 cilicia
825 3894 901 3958 regia
929 3890 1086 3942 Alexandro
1116 3890 1239 3954 exponit.

270 3964 330 4016 066.
349 3961 484 4014 laudanti.
553 3965 611 4015 ooo.
640 3962 802 4028 emargina
825 3976 874 4026 pro
898 3960 1052 4026 potentiae.
1121 3959 1180 4010 600.
1198 3958 1239 4011 01.

270 4031 352 4086 ovid.
371 4047 386 4084 a
403 4031 484 4084 Pont.
503 4032 539 4092 il,
557 4035 582 4093 0,
603 4032 643 4086 lb.
664 4032 705 4084 16.
782 4030 843 4082 708.
868 4044 883 4079 a
901 4044 987 4094 marg.
1005 4042 1055 4094 pro
1073 4025 1132 4078 cod.
1151 4024 1240 4078 bomo.
