3426 4786
446 709 537 768 VITA
554 709 804 766 WILLIBRORDI
822 708 996 770 ME‘I'RIOA.
1020 710 1089 772 me.
1108 711 1156 767 lv.
1247 711 1288 780 57

320 865 456 932 Excitus
477 888 497 932 a
518 887 633 934 somno
655 866 734 932 deus
757 865 896 952 imperat
917 866 1135 954 Ennosigaeo,

318 951 463 1038 Imperat
479 956 512 1018 et
529 953 648 1050 ventis,
666 952 794 1036 placido
810 951 898 1017 volat
913 974 1052 1037 aequore
1071 952 1181 1019 classis
1206 960 1227 1019 t.
1241 964 1289 1017 8⁰*

320 1040 369 1102 Ac
414 1059 449 1102 er
469 1037 532 1103 iter
555 1037 684 1103 brevius
706 1036 850 1102 defertur
872 1038 905 1102 in
930 1038 1013 1103 ostia
1035 1040 1159 1123 portus.

282 1139 308 1181 ra
510 1170 518 1186 .
542 1121 603 1188 lust
617 1122 690 1206 pius
706 1125 740 1187 et
753 1122 894 1188 clemens
912 1121 1076 1274 llgllhrord
1097 1123 1292 1210 cognomine

974 1229 1094 1274 emens.

320 1293 417 1358 Astat
437 1291 650 1378 supplicibus,
673 1291 762 1357 favet
783 1293 835 1358 his
857 1292 1010 1378 auditque
1032 1297 1191 1379 precatus,

321 1377 398 1444 Odit
418 1378 597 1528 praedones
619 1399 671 1444 res
693 1378 848 1444 ecclesiae
871 1379 1044 1465 rapientes,

321 1463 405 1530 Sunt
449 1463 477 1528 is
500 1464 646 1550 ingestae
668 1485 727 1548 per
749 1485 821 1528 eum
845 1486 904 1548 pro
928 1464 1062 1530 crimine
1084 1486 1216 1550 poenae.

320 1546 382 1613 Est
403 1547 461 1612 has
484 1551 650 1633 excerptas
671 1569 858 1632 percurrere
880 1558 1033 1634 prompta
1056 1549 1217 1632 voluntas,

282 1653 308 1692 ec
321 1631 384 1698 Sed
406 1633 559 1698 mandare
581 1633 657 1699 stilo
681 1636 732 1697 tot
752 1632 891 1698 barbara
912 1633 1046 1698 nomina
1067 1633 1143 1700 vito.

363 1715 516 1782 XXXIV.
539 1719 637 1783 Anno
661 1716 793 1781 milleno
816 1717 945 1801 trigeno
966 1717 1113 1802 simplice
1135 1720 1250 1805 primo,

321 1800 371 1865 Ex
393 1822 457 1885 quo
479 1823 547 1866 non
569 1800 691 1866 factum
707 1800 841 1865 verbum
865 1801 966 1886 patris
989 1807 1039 1867 est
1060 1823 1136 1868 caro
1158 1805 1293 1889 factum,

322 1884 423 1953 Dulce
446 1886 543 1953 decus
566 1886 732 1952 monachis
755 1885 924 1974 llumhert,
948 1886 998 1953 vir
1020 1887 1208 1974 spiritualis,

324 1975 426 2040 Artas
447 1973 577 2040 mirifici
601 1975 717 2040 statuit
739 1973 915 2040 transferre
937 1975 1077 2060 patroni.

283 2084 311 2125 rc
325 2059 453 2127 dccivit
474 2083 622 2147 proceres
645 2060 772 2146 opibus,
795 2060 916 2127 virtute
938 2065 1098 2148 potentes,

323 2147 520 2215 Pontificum
543 2170 715 2234 gemmam,
737 2151 770 2214 te
793 2145 890 2228 dium,
913 2148 1037 2236 Poppo,
1060 2148 1263 2217 hierarcham

323 2234 578 2321 Heinricumque
600 2235 725 2320 ducem,
747 2233 799 2300 cui
814 2233 942 2302 Norica
957 2254 1038 2321 gens
1060 2237 1116 2304 dat
1129 2237 1294 2304 honorem.

324 2319 408 2389 Sunt
428 2343 540 2388 omnes
562 2321 676 2387 valvae
698 2342 756 2406 per
778 2320 871 2384 firma
892 2323 1049 2408 repagula
1071 2323 1208 2409 clausae,

324 2405 409 2474 Sunt
430 2406 497 2473 desi
546 2407 592 2471 ati
613 2407 752 2472 fossores
776 2426 909 2490 corpore
933 2407 1024 2472 casti.

283 2491 386 2558 ccSed
409 2513 481 2557 cum
533 2491 689 2557 hitmarus
711 2494 885 2555 nocturno·
892 2490 1061 2575 phasmate
1083 2495 1189 2559 tactus

323 2577 459 2644 Nescius
481 2577 657 2662 ancipitem
679 2575 777 2642 vellet
798 2574 917 2642 librare
940 2577 1126 2663 bipennem,

323 2662 463 2731 Brachia
484 2685 551 2730 non
573 2662 681 2748 potnit
702 2661 873 2747 deponere,
897 2662 1024 2748 palluit,
1048 2662 1162 2730 haesit

323 2749 386 2817 Eat
406 2751 549 2816 monitus
571 2749 705 2814 tacitam
728 2770 796 2813 non
819 2747 1021 2815 dissimulare
1044 2753 1178 2836 reatum,

294 2845 297 2851 '
325 2834 388 2902 Est
408 2836 485 2919 quia
508 2835 588 2900 velle
610 2833 693 2901 mori
717 2832 869 2898 delictum
892 2833 980 2898 nolle
1002 2833 1108 2916 fateri,

285 2944 312 2983 aa
326 2920 389 2987 Sed
410 2941 484 2987 cum
506 2920 654 2998 nesciret,
700 2917 753 2982 uid
775 2918 815 2983 de
836 2939 870 2982 se
892 2919 1028 3002 prodere
1050 2923 1167 3003 posset,
1263 2929 1264 2934 ’

327 3005 474 3086 Abstitit,
496 3005 611 3070 exivit:
636 2941 764 3087 pohuta
785 3002 937 3067 sarabara
958 3003 1055 3087 vidit,

326 3087 499 3175 Ingemuit,
524 3087 618 3164 lavit,
642 3087 727 3171 quod
748 3086 845 3169 liquit
868 3107 961 3170 opus,
984 3086 1144 3171 repetivit.

326 3173 404 3239 Non
426 3172 621 3252 accessisset,
644 3172 671 3235 si
694 3170 801 3234 delicti
825 3169 1032 3234 meminisset

326 3257 407 3325 Nam
430 3259 510 3343 quot
530 3258 608 3321 sunt
628 3254 746 3336 fluxus,
768 3256 821 3318 tot
841 3253 898 3318 dat
918 3257 1037 3319 natura
1058 3256 1194 3336 meatus,

276 3365 315 3406 roo
330 3343 385 3428 Os,
409 3342 528 3426 oculos,
551 3362 656 3426 aures,
678 3361 795 3426 penem
818 3359 891 3404 cum
914 3337 1037 3423 podice,
1059 3361 1167 3404 nares:

328 3429 455 3497 Humor
477 3431 649 3515 congestus
671 3424 754 3514 petit
775 3424 835 3491 hos
857 3445 994 3492 acarna
1016 3446 1170 3491 recessus.
1223 3431 1300 3492 tuo*

329 3515 406 3584 Non
429 3516 543 3583 vitium
566 3519 703 3594 constat,
725 3512 789 3579 nisi
812 3511 984 3578 delectatio
1009 3512 1042 3598 gi
1091 3515 1141 3577 at:

329 3603 400 3670 Hac
422 3623 536 3689 expers
558 3602 684 3669 iuvenis
706 3598 846 3668 studium
870 3597 970 3664 subiit
991 3533 1174 3685 prohhacis.

332 3691 454 3781 Egesta
475 3693 606 3778 cryptae
628 3694 693 3757 tres
715 3690 793 3755 sunt
813 3685 928 3753 tellure
951 3690 1107 3773 repertae,

399 3921 431 3972 Ψ]
455 3914 550 3970 Ennos
571 3930 625 3986 geo
649 3912 707 3969 GT
783 3917 814 3966 77
837 3909 978 3980 predones
1003 3910 1062 3965 GT
1096 3908 1252 3966 aecclesiae
1277 3907 1304 3964 θ

332 3991 365 4043 'lt
383 3985 520 4055 penaeG
622 3989 655 4040 86
673 3983 757 4052 dyum
779 3981 837 4038 GT
898 3983 931 4036 ⁰2
950 3979 1023 4035 hesit
1042 3979 1067 4036 Τ
1136 3984 1184 4035 100
1201 3993 1303 4050 penem

332 4072 396 4112 cum
415 4054 516 4126 podice
534 4068 585 4108 om.
606 4053 632 4108 T
700 4057 747 4106 104
765 4051 874 4120 criptae
895 4049 954 4104 GT
