3340 4788
429 699 472 766 82
737 701 802 756 Lib.
820 701 872 755 ΙΙΙ.
908 715 934 754 v.
952 701 1098 754 eut-tte.

433 857 494 918 Pax
517 874 572 937 per
595 874 647 918 sex
669 872 788 917 menses
810 853 961 917 stabilitur
984 863 1014 915 et
1037 871 1125 916 omne
1148 863 1316 934 peremtum

477 939 639 1022 Talpurum
662 941 772 1022 recipit
794 942 826 1001 iu
850 941 973 1018 regione
996 938 1111 1002 llrorus.
1357 949 1410 998 ato

631 1120 680 1176 DE
698 1120 824 1176 Pueris
841 1119 1034 1187 nunonem
1052 1119 1204 1177 DIERUM.

437 1245 571 1323 Septima
594 1240 757 1321 surgebant
780 1245 905 1304 orientis
927 1261 1040 1305 cornua
1063 1242 1174 1316 Lunae,

479 1331 613 1408 Surgere
635 1331 778 1391 contiuuo
801 1327 906 1390 bellica
930 1331 1014 1408 signa
1038 1327 1115 1390 vide.

435 1417 600 1497 Pugnatur.
645 1415 738 1477 Durat
761 1415 908 1478 duodenis
931 1433 1028 1496 pugna
1052 1414 1159 1476 diebus

478 1502 630 1582 Sanguine
652 1519 809 1564 caesorum
833 1500 890 1563 lata
914 1500 1050 1565 rubescit
1071 1502 1188 1564 liumus.

435 1590 512 1665 Ouid
534 1585 617 1670 jurat
639 1587 759 1652 assidue
782 1587 887 1661 clavas,
911 1589 983 1670 qvvid
1008 1587 1074 1659 tela,
1098 1588 1171 1672 quid
1196 1605 1292 1662 enses,
1358 1597 1410 1646 elo

480 1677 557 1748 Ouid
581 1683 702 1746 uvortes.
726 1678 831 1738 mortis
853 1675 925 1758 quid
948 1693 1108 1738 numerare
1132 1675 1252 1738 modosi

436 1766 495 1825 llul
517 1761 625 1824 seriem
649 1760 765 1825 scindet
787 1761 873 1824 stilus
896 1771 946 1824 aut
968 1761 1086 1824 fastidia
1110 1765 1222 1842 gignet,

482 1849 513 1910 Si
534 1850 618 1910 necis
640 1865 729 1908 omne
751 1865 847 1926 genus
870 1865 1048 1910 euirmernro
1070 1846 1160 1908 volet.

435 1932 480 1996 dd
504 1933 655 1994 Priamum
680 1935 770 1995 mittit
795 1935 998 2011 Agamemnon
1022 1951 1150 2011 eumque
1173 1941 1313 2013 precatur

480 2017 519 2078 Ut
541 2035 595 2097 per
617 2017 758 2078 terdenos
781 2017 901 2078 obseret
924 2034 1006 2078 orma
1029 2017 1103 2078 dies.
1358 2024 1409 2075 eoo

438 2101 585 2163 Concedit
607 2101 750 2170 Priamus,
774 2100 954 2162 clauduntur
977 2100 1062 2163 busta
1085 2099 1240 2181 sepulcris,

481 2185 582 2248 Turba
607 2182 789 2247 salutiferam
812 2187 912 2246 saucia
935 2189 1054 2266 quaerit
1075 2205 1172 2267 opem.

439 2269 505 2332 Nou
529 2273 628 2332 estin
652 2270 750 2331 medio
773 2287 901 2350 semper,
926 2269 1074 2331 relevetur
1098 2279 1129 2332 ut
1152 2286 1255 2349 negem

481 2355 513 2416 lu
538 2373 608 2416 cura
633 2353 759 2432 ‹ruradom
783 2354 905 2416 vulnera
929 2366 1025 2417 morte
1049 2354 1149 2434 ligant.

487 2533 535 2587 DE
554 2533 695 2590 somnio
714 2533 1000 2590 nuuuomncunu
1017 2535 1153 2590 UXORIS
1171 2534 1360 2591 HECTORIS.

439 2658 520 2719 Lurm
544 2658 635 2719 semel
660 2657 755 2730 latuit,
779 2666 842 2720 toto
864 2656 956 2719 semel
980 2657 1053 2720 orbe
1077 2661 1213 2731 recrevit,
1361 2667 1411 2716 tit

480 2743 540 2806 Pax
565 2740 626 2804 abit
649 2751 679 2803 et
701 2741 830 2824 populus
852 2762 956 2805 rrvrsus
978 2746 1008 2804 iu
1032 2763 1113 2806 arma
1137 2746 1205 2806 ruit.

438 2828 634 2906 Pugnandum
658 2829 696 2890 de
719 2847 807 2891 mane
829 2829 892 2899 luit,
917 2848 985 2891 cum
1008 2839 1097 2891 nocte
1119 2829 1174 2891 sub
1196 2832 1261 2911 ipsa

483 2915 621 2978 ilectom's
644 2915 853 2978 Andromache
876 2917 991 2978 somnis
1014 2916 1087 2979 dura
1110 2917 1199 2978 videt.

438 3001 496 3073 lle.
520 3019 660 3064 moerens
684 3004 725 3065 oit
747 3000 795 3064 illo
820 3005 893 3074 viro,
915 3003 976 3084 jam
999 3009 1135 3084 tempore
1158 3019 1266 3084 patrato

480 3088 603 3149 Terruit
625 3091 656 3150 iu
679 3091 792 3152 somnis
814 3092 889 3151 visio
912 3088 996 3151 valde
1019 3091 1126 3168 gravis.
1360 3098 1410 3147 eoo

440 3175 483 3237 dd
508 3175 571 3236 leva
594 3173 670 3236 bella
695 3193 802 3256 precor
826 3175 914 3236 bodie
937 3175 1120 3238 descendere
1143 3175 1213 3246 noli,

480 3259 526 3321 Sit
549 3257 603 3320 tibi
627 3278 698 3321 cura
722 3262 791 3330 mei,
814 3261 852 3321 sit
875 3259 926 3320 tibi
950 3278 1022 3322 curu
1045 3263 1099 3323 tui.

440 3395 644 3405 ...ς-...ῳ-

508 3482 568 3532 339.
587 3482 699 3544 blnrgor
727 3479 788 3529 Pax
814 3480 899 3530 tertio
923 3493 973 3530 sex
995 3481 1139 3531 mansium.
1221 3483 1281 3532 3⁴2.
1301 3483 1411 3546 Margo:

439 3547 538 3613 Pugno
556 3547 610 3612 ΙΙΙ,
629 3546 684 3598 llll
701 3546 807 3598 diebus.
890 3549 949 3598 347.
967 3545 1033 3598 Cod.
1053 3547 1135 3598 stilus
1154 3547 1270 3598 scindet.
1352 3551 1410 3598 360.

440 3617 550 3682 blnrgo:
579 3617 637 3666 Pox
665 3619 763 3680 qururtn
786 3615 901 3681 triginta
925 3615 1039 3668 illenim.
1108 3619 1167 3667 353.
1190 3617 1299 3680 lllnrgo:
1328 3631 1412 3682 qvvuro

440 3683 503 3735 vium
530 3683 677 3736 adhibetur
704 3685 745 3734 eia
770 3697 837 3734 cure
859 3699 909 3749 per
930 3684 1094 3734 medicinam
1119 3699 1174 3735 non
1193 3683 1270 3735 evod.
1291 3690 1412 3737 mortem.

435 3751 487 3802 Ov.
507 3767 531 3802 e.
551 3751 630 3802 Pout.
650 3753 673 3813 Ι,
689 3752 715 3808 li.
736 3752 776 3801 lt.
796 3753 828 3802 18
1229 3780 1235 3792 ·

539 3819 600 3870 Non
621 3823 664 3868 est
682 3819 711 3868 in
729 3817 818 3868 medio
836 3833 952 3883 semper,
971 3818 1114 3869 relevetur
1131 3823 1162 3868 ut
1179 3833 1273 3883 aeger.

575 3886 714 3938 interdum
734 3885 816 3935 docte
834 3885 896 3949 plus
914 3886 990 3937 velet
1009 3893 1070 3936 arte
1089 3885 1200 3938 mulum.

439 3955 499 4004 sio.
519 3952 600 4004 Ouid.
621 3955 685 4002 ller.
705 3953 741 4014 ll,
761 3955 776 4002 b

550 4021 632 4072 Lurm
651 4026 750 4084 quuter
769 4019 865 4082 laivvitg
884 4025 943 4071 toto
963 4026 1062 4087 qunter
1080 4021 1146 4072 orbe
1166 4023 1291 4072 recrevit.
