3340 4788
568 669 630 750 nto.
647 699 696 750 rv.
721 715 746 755 v.
766 702 912 755 ara-602.

299 851 388 916 Solus
412 851 540 916 terribili
563 852 716 936 squalidus
738 874 791 919 ore
814 856 943 919 Charon.

257 937 327 1017 djax
352 937 450 1001 nudus
473 948 553 1008 erat:
579 957 655 1020 qnae
678 947 707 1001 te
730 960 816 1003 mene
840 943 952 1022 optime
974 944 1061 1006 miles

299 1022 479 1086 illoricatum
503 1043 588 1086 saera
612 1023 668 1085 sulr
692 1043 775 1088 arma
798 1026 883 1088 lulitl
1178 1038 1230 1088 080

258 1109 302 1170 Το
324 1109 496 1171 meminisse
520 1107 622 1176 eelim:
646 1109 738 1171 telum
762 1111 888 1172 mortale
910 1113 1045 1174 cucurrit

299 1192 379 1256 Colla
403 1212 459 1275 per
481 1194 592 1256 incauti
615 1194 693 1276 quod
717 1193 883 1258 Palamedis
906 1196 981 1259 heri.

256 1276 340 1342 Felix
362 1281 450 1361 quem
474 1279 589 1343 iaciunt
612 1279 709 1341 aliena
733 1279 866 1362 pericula
889 1290 1009 1345 cautum

299 1364 337 1426 Et
359 1367 407 1428 eui
431 1363 481 1428 dat
504 1365 630 1428 nitidum
654 1363 752 1429 littera
777 1369 860 1448 nigra
885 1365 1004 1432 librum.

258 1450 319 1514 Nos
341 1449 437 1514 aliena
459 1450 578 1522 docent,
602 1450 673 1513 felix
698 1455 870 1537 quicunque
893 1453 996 1518 dolore
1144 1504 1148 1511 .
1178 1466 1229 1517 000

299 1536 428 1599 Alterius
451 1536 557 1620 didicit
579 1555 668 1617 posse
691 1557 797 1602 carere
818 1557 915 1601 suum.

255 1623 328 1704 djax
351 1622 510 1684 horrendis
534 1631 667 1686 versatur
691 1625 814 1686 inermis
836 1627 868 1686 in
891 1625 997 1695 armis;

299 1708 336 1767 Et
358 1707 432 1768 lodit
454 1705 533 1769 illins
556 1706 613 1768 lata
636 1711 731 1786 sagita
754 1706 843 1788 latus,

257 1789 381 1852 Scilicet
401 1809 418 1852 a
440 1790 560 1864 Paride,
584 1793 637 1872 qui
660 1799 745 1854 teneo
768 1792 902 1873 gnaviter
926 1811 997 1853 aren

300 1876 333 1937 ln
358 1875 486 1937 Graecas
510 1877 623 1938 animas
646 1875 759 1957 spicula
783 1877 870 1959 plura
894 1875 991 1939 dabat.
1178 1889 1230 1940 000

255 1959 327 2042 Ajax
349 1962 451 2027 iratus.
479 1960 610 2025 Calcaria
635 1963 686 2024 dat
707 1962 792 2024 doler
815 1963 868 2034 irc,

301 2045 357 2118 001
380 2055 501 2109 sectans
522 2046 660 2110 Paridem
685 2048 783 2111 caedit
805 2049 841 2110 ad
864 2065 960 2127 usque
983 2066 1098 2112 necem.

258 2132 355 2196 Caede
378 2133 518 2213 latigatur
542 2134 637 2205 miles,
661 2153 729 2195 cum
753 2141 850 2198 castra
873 2135 1005 2214 petisset,

300 2219 337 2279 Et
359 2216 449 2280 telum
471 2217 558 2281 lateri
580 2219 798 2291 detraheretur,
822 2219 894 2282 oblt.

259 2305 374 2384 Corpus
396 2303 557 2366 Alexandri
579 2311 700 2386 portant
721 2307 752 2367 10
778 2307 897 2368 moenia
920 2305 1039 2379 Teucri,
1177 2316 1229 2368 000

299 2387 397 2469 Ejulat
419 2389 492 2452 urbs
514 2399 575 2452 tote
599 2392 705 2452 lunerc
728 2401 842 2454 rnocsta
866 2391 931 2454 riri.

256 2475 323 2536 dior
347 2477 408 2535 ruit
430 2477 460 2536 10
484 2475 629 2555 Phrygios
651 2477 821 2548 Diomedes,
846 2495 921 2556 qnos
944 2475 1069 2556 lergitlro

301 2560 340 2621 Se
363 2558 435 2621 lacit
458 2562 489 2622 in
513 2567 629 2638 portam
653 2562 852 2643 praecipitare
874 2561 961 2642 pede.

258 2645 398 2708 Protinus
422 2649 588 2726 insequitur
611 2648 815 2726 Agamemnon
839 2657 868 2710 ct
891 2649 1009 2712 obsidet
1032 2646 1138 2711 urbem

300 2732 443 2794 Ponendo
466 2731 571 2812 vigiles
594 2739 624 2794 et
647 2735 789 2796 variando
811 2735 901 2796 vices.
1179 2745 1231 2796 600

256 2817 315 2880 Per
338 2826 431 2880 totam
453 2825 572 2880 noctem
596 2817 784 2881 circumdant
805 2817 878 2880 11100
902 2820 983 2900 Argi,

302 2903 378 2965 lluri
401 2920 462 2964 000
485 2921 563 2965 unus
587 2903 694 2964 clamat
716 2903 754 2965 ab
777 2921 847 2966 arce
869 2903 949 2983 vigil.

327 3139 386 3192 078.
424 3153 440 3188 0
466 3137 593 3201 margine
621 3152 670 3203 pro
697 3137 850 3202 rpunlidne.
867 3165 899 3175 -
919 3137 1019 3204 Margo
1042 3137 1116 3189 clrer.
1144 3144 1232 3190 naute

258 3210 432 3256 mortuorum.
519 3205 578 3256 083.
600 3204 694 3254 Plaut.
710 3205 794 3256 Marc.
813 3205 862 3268 IV,
880 3208 905 3264 4,
924 3207 966 3257 to.
996 3205 1128 3255 Felieiter
1147 3207 1231 3270 repit,

259 3273 307 3338 qui
325 3271 415 3324 011000
434 3270 558 3338 periculo
578 3271 660 3337 oepit.
688 3273 749 3322 Ter.
769 3271 872 3323 Heout.
895 3272 921 3335 1,
940 3274 964 3336 2,
984 3274 1030 3324 86:
1058 3270 1110 3324 hoc
1129 3273 1231 3324 scitum

258 3345 308 3404 eet,
327 3338 479 3405 pericnlum
496 3355 530 3390 ex
548 3339 612 3390 01110
632 3340 724 3390 lacere
745 3340 796 3392 tibi
815 3339 888 3406 quod
908 3355 941 3390 ex
960 3339 1094 3393 0000101.

293 3427 396 3479 Noster
423 3441 456 3478 ox
482 3425 527 3478 leia
550 3424 620 3478 locis
644 3425 764 3477 lortnaeo
783 3425 948 3478 seutentiam
973 3425 1136 3494 depromit,
1163 3435 1233 3493 quoe
1325 3415 1326 3418 ¹

360 3495 497 3563 proverbii
516 3495 577 3548 loco
596 3495 624 3545 in
644 3510 690 3546 ore
709 3510 781 3546 nune
800 3500 852 3547 eet.

259 3583 319 3635 aad.
336 3583 360 3637 d.
379 3581 481 3635 Tibull.
500 3581 551 3646 111,
568 3583 594 3648 o,
613 3582 656 3632 13.
673 3581 708 3631 41
757 3650 763 3664 .

361 3717 484 3770 Alterius
502 3717 595 3770 diener
613 3676 700 3781 nuere
713 3665 885 3769 cqulleellrnlllel.
898 3648 992 3700 dom

257 3803 289 3852 ln
309 3803 362 3853 hoe
373 3802 480 3855 Tibulli
500 3803 561 3853 loco
580 3801 705 3852 00000111
724 3801 800 3852 codd.
820 3803 915 3864 etiem,
934 3807 966 3852 ut
984 3805 1080 3852 noster
1092 3801 1233 3863 Albertur,

259 3884 357 3920 carere
376 3869 482 3934 legunt.
551 3871 609 3923 091,
628 3868 695 3920 Cod.
715 3869 849 3920 carcaria.
903 3871 962 3920 098.
981 3867 1049 3920 eod.
1068 3867 1095 3924 S.
1114 3868 1134 3919 l.
1153 3882 1233 3934 prae·

257 3937 375 4002 eipitnre
393 3937 464 4003 pede
483 3938 512 3987 in
531 3942 646 4002 portem.
