3372 4788
450 722 540 778 VITA
554 721 805 779 wlnnrffltoanr
822 721 994 782 herulos„
1018 724 1088 788 Lm.
1100 727 1121 782 1.
1252 732 1271 798 7
1324 789 1327 809 ὶ

303 877 428 945 Struxit
449 877 533 942 ovile
555 877 663 962 gregis
686 879 802 942 summi
825 899 923 962 pecus
947 879 1110 965 opilionis,
1331 831 1425 958 if

304 963 397 1028 Parit
418 983 494 1028 oses
516 961 599 1026 letas
623 966 656 1027 et
678 963 712 1027 in
735 963 813 1048 agui
835 965 994 1049 sunguine
1018 966 1109 1032 lotas.

303 1046 448 1113 Maturus
468 1047 571 1129 senio,
595 1050 669 1112 cute
690 1046 774 1130 laxa,
795 1049 917 1114 uertice
939 1071 1031 1134 cauo,

250 1154 289 1195 no
302 1131 416 1198 Militis
439 1132 564 1198 emeriti
586 1132 751 1217 suspirans
771 1154 907 1220 munere
929 1133 1025 1216 fungi
1103 1154 1106 1164 ¹

301 1216 444 1284 Transiit
465 1239 504 1283 ex
526 1238 637 1295 caeno,
660 1219 699 1281 de
722 1214 978 1282 carnis'carcera
1001 1235 1108 1302 caeco,

304 1303 353 1368 Ad
374 1303 491 1369 faciam
512 1302 597 1368 facis
619 1301 702 1368 vidit
722 1323 817 1387 quem
841 1302 949 1367 mente
971 1300 1084 1370 sitivit.

303 1389 442 1541 Pargais
462 1389 623 1455 theoticos
645 1387 723 1453 tulit
744 1389 834 1453 artus
856 1386 1066 1452 exanimatos.

345 1475 360 1539 l
394 1529 402 1544 .
430 1473 493 1541 Sed
506 1475 584 1560 quia
598 1472 760 1560 dmressus
775 1494 848 1538 snm
863 1474 1003 1558 syrmate
1018 1472 1172 1538 carminis
1187 1491 1272 1552 usus,

252 1581 290 1622 ns
305 1559 354 1624 nd
378 1558 602 1625 diverticulum
625 1581 659 1625 re
700 1579 789 1625 essue
810 1557 874 1624 iter
894 1562 965 1624 tero
988 1560 1145 1642 coeptum.

302 1644 426 1711 Tantae
448 1646 618 1730 prosapias
641 1581 845 1711 Vlilbrordua
867 1648 901 1709 et
922 1641 1042 1707 indolis
1063 1644 1159 1725 altae,

304 1729 352 1794 Ex
375 1733 481 1795 aetate
503 1734 603 1809 tener,
626 1727 756 1795 Samuel
777 1728 978 1814 profectibus
1000 1727 1092 1810 alter,
1167 1771 1168 1775 ,

303 1813 424 1898 Crevit,
448 1814 598 1899 profecit,
621 1815 744 1899 puerile
767 1836 849 1900 puer
870 1812 954 1880 nihil
976 1812 1053 1897 egit.

302 1898 378 1967 Non
401 1901 501 1987 gestit
522 1901 654 1987 paribus
677 1902 785 1988 parvis
808 1898 970 1967 colludere
992 1919 1121 1985 parvus,

252 2005 291 2046 ιω
303 1985 366 2053 Sed
388 1987 488 2053 sacris
511 1986 626 2052 studiis
648 1987 793 2053 intentus
815 1985 965 2052 acumine
987 1983 1105 2050 mentis
1230 2005 1233 2012 ·

302 2071 429 2138 Floruit
448 2072 580 2139 uberius
602 2094 660 2139 ceu
683 2072 806 2156 cedrus,
853 2071 947 2152 alma,
971 2091 1150 2156 cypressus.
1200 2077 1219 2133 1.
1228 2083 1274 2134 oor

304 2156 448 2243 (lamque
470 2157 549 2223 duas
572 2157 709 2224 decadas
731 2158 800 2237 eius
823 2094 872 2222 dis
895 2159 1034 2242 ungeret
1055 2158 1154 2236 aetas,

303 2240 417 2323 Omne,
439 2241 525 2327 quod
547 2245 623 2307 ante
645 2242 816 2325 laboravit,
837 2180 977 2306 nihilum
1000 2239 1165 2336 reputavit

302 2323 411 2410 Atque
433 2325 647 2407 columbinas,
670 2327 788 2411 quibus
811 2325 924 2401 evolat,
947 2327 1071 2408 expetit
1092 2323 1171 2404 alas,

251 2425 290 2465 1³⁶
302 2407 348 2474 Ut
368 2408 466 2492 longe
488 2409 605 2494 fugiat,
630 2411 701 2475 sine
722 2410 840 2474 mentis
863 2406 993 2473 turbine
1016 2407 1115 2472 vivat

303 2493 405 2558 Ardet
426 2492 514 2558 abire
536 2493 617 2579 fuga
638 2493 786 2577 dulcique
808 2491 956 2558 recedere
982 2493 1077 2571 tarra,

302 2577 364 2643 Sed
386 2598 454 2644 non
477 2577 598 2663 absque
621 2577 722 2664 patris
745 2599 906 2644 consensu
928 2573 1119 2661 spiritualis.

302 2663 435 2751 Detegit
457 2664 533 2730 huic
553 2665 665 2753 ignem
686 2665 806 2731 mentis
828 2666 952 2730 secreta
974 2664 1182 2744 cremantem,

302 2751 341 2818 In
362 2774 500 2819 messem
522 2751 647 2818 domini
663 2752 820 2818 coniveat
842 2754 879 2817 ut
900 2747 1070 2836 proficisci,

252 2857 290 2897 ιω
303 2837 428 2906 Messor
449 2837 505 2904 ubi
527 2860 617 2904 rarus
650 2839 707 2904 sed
728 2839 853 2905 fructus
876 2835 980 2924 frugis
1001 2857 1021 2901 o
1045 2835 1138 2901 imus.

303 2924 422 3012 Implet
442 2927 577 3012 uterque
600 2889 708 2992 sinum
730 2925 872 2991 lacrimis
894 2946 934 2990 ex
957 2858 1051 2988 conis
1073 2920 1225 3001 subortis,

303 3011 365 3078 Hic
387 3015 491 3111 rogat,
514 3012 569 3078 ille
591 3015 700 3098 negat,
723 3014 815 3097 pater
837 3011 956 3090 obstat,
978 3009 1064 3074 filius
1086 3008 1199 3091 instat,

302 3095 372 3164 Nec
393 3119 483 3183 pnes
506 3097 645 3178 absistit,
668 3119 765 3184 quam
787 3096 890 3184 patris
913 3095 1034 3162 viscera
1056 3092 1164 3159 mollit

303 3185 353 3249 Ac
375 3181 506 3249 deducit
527 3206 601 3249 eum
624 3205 758 3250 concors
781 3186 892 3250 coetus
915 3181 1078 3248 seniorum
1209 3190 1215 3208 ·

253 3287 291 3329 us
304 3267 381 3335 Non
404 3269 504 3335 oculis
527 3269 630 3349 siccis,
653 3269 708 3335 sed
730 3269 824 3335 fletus
847 3267 981 3334 flumine
1003 3265 1130 3331 tinctis:

304 3353 433 3439 Oscula,
457 3355 644 3441 complexus
666 3355 722 3420 dat
744 3354 862 3420 amoris
884 3350 1028 3418 fervidus
1050 3354 1169 3415 aestus.

305 3438 375 3506 Hac
397 3443 503 3507 aetate
524 3441 605 3506 uiris
627 3441 747 3506 effulsit
767 3439 927 3505 Hibernia
948 3436 1054 3518 claris,

306 3524 431 3591 hlomit
452 3527 487 3592 in
509 3526 634 3608 studiis,
658 3527 694 3590 ut
718 3525 868 3590 Athenae
890 3520 1177 3609 gymnosophistis.

305 3607 380 3673 Huc
400 3631 435 3675 se
456 3609 579 3690 forma,
603 3610 699 3674 dacus
721 3610 875 3674 iuvenum
898 3607 986 3672 dedit
1007 3605 1075 3670 alta
1096 3604 1277 3669 docendum

253 3693 356 3758 1qu
377 3692 491 3758 didicit
513 3693 650 3778 logilres,
675 3691 809 3772 ethicae,
833 3691 985 3776 physicae
1007 3688 1160 3769 rationes,

375 3847 423 3896 no
440 3843 532 3897 factas
551 3843 578 3896 0
649 3849 695 3896 121
714 3857 783 3896 ceno
803 3873 831 3882 -
852 3855 920 3896 cecc
938 3838 965 3892 Τ
1035 3842 1081 3891 1115
1100 3835 1232 3905 caeptum
1250 3836 1277 3891 θ

304 3910 419 3978 ceptum
447 3908 474 3964 T
562 3915 609 3965 117
636 3908 769 3964 Samuhel
799 3907 825 3963 G
913 3911 962 3960 119
988 3902 1104 3974 parvus]
1132 3902 1227 3972 parvis
1255 3902 1280 3956 Τ

308 3983 356 4034 lto
372 3975 524 4034 recaedere
544 3977 572 4032 G
643 3982 690 4033 111
708 3977 806 4032 caetus
825 3975 852 4030 G
924 3979 972 4030 118
990 3967 1276 4043 gymnosophystae}

308 4050 357 4102 lto
374 4044 498 4118 phisicae
518 4046 577 4101 GT
