3372 4788
409 733 497 783 xxpv
755 711 1042 771 PROLEGOMENA.

410 893 483 938 cum
505 869 634 936 illorum
657 867 692 934 in
713 889 847 935 numero
869 867 1053 934 habendum
1075 868 1135 950 sit,
1169 865 1255 954 quod
1285 865 1388 934 1513

419 957 579 1026 vincum
619 976 680 1042 pro
710 953 890 1042 Videbarp,
920 952 970 1020 III
991 953 1056 1021 359
1078 954 1236 1021 incinctae
1256 973 1315 1040 pro
1337 955 1388 1021 ιἰι-

410 1046 521 1120 uictae,
535 976 599 1144 ‚ld
626 1040 692 1108 220
719 1038 908 1142 Wcibrorde
935 1061 995 1127 pro
1024 1038 1205 1141 Wilbrordo
1231 1039 1388 1126 scriptum

411 1134 476 1212 est,
509 1129 561 1194 hus
584 1125 846 1194 annumerandae
868 1125 1020 1194 videntur
1045 1125 1107 1192 hae
1129 1127 1286 1192 lectiones
1308 1125 1388 1192 128

405 1215 729 1383 uuum*
742 1211 776 1278 Π
790 1211 1056 1363 imit
1068 1213 1177 1363 aa
1190 1212 1391 1364 &tait

512 1321 535 1366 u
896 1319 916 1364 o
987 1319 1009 1364 ιι
1253 1321 1272 1364 α

411 1391 528 1456 amate
556 1383 603 1451 IV
627 1384 646 1449 7
669 1317 850 1452 lowffid
872 1385 998 1468 sopori:
1031 1403 1112 1469 quac
1135 1381 1278 1534 ‘effidem'
1308 1405 1387 1470 pau-

411 1474 557 1542 cissimos
590 1471 619 1538 si
650 1469 807 1556 excipias,
842 1470 939 1535 etiam
972 1469 1007 1535 in
1040 1469 1109 1536 cod.
1168 1490 1233 1537 rcu.
1263 1473 1386 1536 artant.

412 1559 493 1626 Tam
524 1559 648 1624 bonum
677 1555 780 1644 igitur
807 1555 926 1623 librum
953 1559 1049 1623 nacto
1075 1577 1140 1622 non
1163 1559 1229 1622 tam
1252 1554 1285 1621 id
1307 1556 1387 1622 mihi

415 1644 578 1732 agendum
594 1646 681 1727 erat,
700 1647 738 1708 ut
750 1641 850 1710 verbo
863 1642 983 1708 codicis
998 1642 1191 1708 coniecturis
1206 1642 1388 1727 emendare,

417 1752 513 1816 quam
526 1735 564 1795 ut
574 1726 817 1813 interpretando
828 1727 973 1793 stabilire
984 1747 1126 1792 conarer.
1149 1725 1299 1793 Hoctoco
1315 1749 1388 1793 cum

412 1816 521 1882 iacere
547 1833 615 1878 non
644 1812 782 1897 possim,
811 1811 891 1896 quin
913 1833 965 1877 me
987 1812 1149 1897 plerisque
1171 1811 1250 1877 loeis
1276 1833 1385 1878 veram

412 1899 585 1964 lectionem
611 1897 677 1962 iem
704 1898 790 1975 tum,
819 1915 891 1960 cum
918 1894 989 1960 sola
1014 1898 1145 1994 praesto
1173 1901 1266 1960 esset
1287 1895 1386 1962 editio

413 1982 616 2048 Declrerieua
629 1979 769 2045 necdum
783 1977 913 2045 collatio
930 1979 1048 2044 codicis
1061 1978 1207 2044 Gothani
1221 1981 1256 2044 in
1272 2001 1388 2046 manus

411 2088 500 2133 meos
516 2065 731 2150 pervenisset,
747 2064 908 2130 invenisse
924 2085 1119 2146 asseverem,
1135 2067 1262 2130 tautum
1276 2067 1386 2130 tamen

410 2152 512 2236 abest,
535 2153 573 2216 ut
595 2147 773 2235 splendidis
796 2148 940 2214 inventis
962 2149 1120 2215 acuminis
1140 2149 1264 2237 ingenii
1280 2154 1388 2216 osten·

410 2237 503 2306 tandi
526 2235 729 2303 occasionem
752 2239 958 2321 praereptam
980 2255 1050 2302 esse
1073 2233 1214 2323 doleam,
1247 2240 1284 2301 ut
1305 2237 1385 2303 satis

409 2323 547 2392 habeam
581 2322 784 2390 coniecturas
817 2343 905 2388 meas
938 2325 1065 2388 tantum
1091 2343 1158 2389 nou
1192 2343 1306 2390 omnes
1333 2345 1386 2389 co·

409 2411 490 2480 diois
512 2409 656 2476 Gothani
690 2409 847 2474 memoria
878 2409 1085 2474 confirmatas
1113 2411 1230 2475 vidisse
1253 2415 1384 2496 tamque

408 2500 532 2565 bonum
566 2494 745 2560 subsidium
786 2493 827 2558 ad
864 2497 990 2560 textum
1030 2495 1264 2561 recensendum
1303 2494 1384 2561 mihi

408 2581 586 2669 suppetiise
611 2579 780 2665 gaudeam.
1273 2611 1275 2618 ⁴

492 2667 575 2733 Tota
596 2666 699 2752 igitur
719 2664 906 2730 recensione
921 2669 1034 2730 uoatm
1049 2686 1087 2730 ex
1103 2664 1213 2731 codice
1229 2665 1385 2732 Gothano

406 2752 570 2839 pendente
592 2755 700 2817 mmen
723 2751 758 2815 in
781 2772 847 2816 nna
869 2771 904 2815 re
926 2750 1118 2816 secundaria
1148 2752 1246 2816 etiam
1268 2751 1385 2817 'I'reve-

407 2839 494 2906 rensi
521 2837 643 2923 aliquid
667 2834 778 2902 debeo.
823 2835 985 2921 Ascripsit
1006 2836 1093 2901 enim
1122 2835 1219 2902 huius
1241 2858 1312 2902 mar
1338 2837 1382 2902 'ni

407 2923 589 3009 nescioquis
620 2942 772 2987 numeros
801 2923 942 3006 capitum
970 2919 1068 2987 Vitae
1100 2921 1275 3007 prosaicae.
1313 2859 1384 3000 dui

407 3033 481 3078 cum
504 3008 678 3074 ostendant
696 3005 802 3072 Vitam
826 3007 993 3072 metricam
1009 3006 1077 3073 iere
1092 3009 1226 3073 omnino
1243 3008 1283 3073 ad
1299 3007 1383 3073 ordi·

407 3118 483 3163 nem
499 3094 595 3161 Vitae
615 3092 790 3179 prosaicae,
812 3092 940 3158 omissis
954 3097 1064 3158 nmen
1080 3090 1206 3159 duobus
1221 3093 1385 3180 capitulis,

408 3180 621 3269 compositam
643 3201 713 3245 esse
735 3179 950 3263 doceantque,
1002 3200 1063 3244 uae
1084 3179 1264 3264 particulae
1285 3178 1383 3246 huius

406 3267 523 3353 quibus
556 3265 704 3350 pertibus
736 3263 825 3329 illius
858 3200 1089 3362 respondeant,
1123 3286 1140 3330 e
1167 3285 1203 3329 re
1226 3265 1302 3329 duri
1324 3286 1381 3330 eos

408 3352 506 3417 etiam
529 3350 625 3414 huius
647 3347 798 3413 editionis
819 3347 961 3433 margini
977 3349 1156 3434 appingere
1171 3353 1205 3414 et
1220 3369 1382 3414 commen-

405 3436 526 3503 tarium
559 3433 598 3500 ad
632 3432 775 3500 coitum
804 3431 900 3498 Vitae
934 3433 1100 3517 prosaicae
1134 3432 1379 3520 dispositionem

406 3521 619 3588 conformare.
690 3519 701 3583 i
728 3517 831 3604 igitur
859 3520 985 3583 numeri
1015 3539 1088 3583 cum
1111 3518 1145 3583 in
1168 3519 1315 3619 margine
1338 3520 1380 3584 si·

404 3607 508 3676 nistre
531 3604 631 3671 additi
653 3603 734 3684 sint,
756 3602 790 3667 iu
814 3603 925 3669 dextro
947 3602 1101 3670 foliorum
1132 3608 1164 3670 et
1186 3625 1382 3692 paginarum

404 3713 573 3792 numeros,
613 3689 668 3776 qui
705 3693 782 3755 sunt
821 3687 939 3755 codicis
972 3689 1132 3772 Gothani,
1173 3691 1380 3758 ascribendos

404 3801 526 3848 curavi.

490 3862 649 3941 Quattuor
670 3861 837 3946 librorum,
859 3861 893 3926 in
917 3881 1000 3945 quos
1015 3883 1143 3927 carmen
1160 3883 1253 3928 suum
1268 3862 1380 3928 divisit

404 3954 528 4036 auctor,
552 3959 663 4015 versus
691 3948 725 4012 in
753 3966 947 4047 unoquoque
969 3946 1052 4012 libro
1074 3947 1245 4032 separatim
1268 3969 1385 4014 nume·

403 4037 473 4104 ravi
494 4033 639 4122 prologo,
662 4036 700 4099 ut
721 4033 755 4098 in
771 4035 977 4118 antiquorum
998 4036 1164 4120 poetarum
1181 4034 1384 4103 carminibus
