3368 4792
603 674 666 727 ure.
683 673 720 726 11.
756 689 783 729 v.
801 674 946 728 set-ase
1220 673 1262 740 51

292 829 423 893 Possunt
442 826 590 908 Argolicis
610 827 680 890 irino
701 828 746 888 ire
768 824 879 889 ortaria
902 827 1001 901 castis,

336 914 390 977 tus
411 915 524 995 poteris
546 911 632 976 notus
655 912 739 974 utitis
760 931 827 975 esso
849 913 957 976 modis.
1213 925 1264 975 tte

295 999 358 1061 Hae
381 1000 445 1060 vieo
466 999 626 1061 Troianam
650 1014 710 1059 nou
732 995 792 1060 itis
814 997 851 1059 ad
874 995 1075 1076 obsidionem,

339 1082 486 1164 Quicquid
508 1093 598 1162 agant
618 1080 678 1154 alii,
701 1083 741 1144 sit
762 1079 849 1143 labor
870 1082 927 1144 isto
950 1088 1026 1145 tuus.

294 1168 413 1249 Puppee
434 1169 597 1243 mittemus,
619 1175 650 1228 tu
673 1173 788 1229 tantum
811 1167 953 1248 providus
975 1172 1041 1229 esto

336 1252 431 1316 Nobis
452 1253 605 1316 mittendis
624 1251 680 1314 has
701 1269 829 1314 onerare
851 1250 937 1314 cibis.

296 1337 353 1400 iiio
374 1348 485 1410 mouet,
508 1337 560 1400 iiie
582 1337 677 1410 redit;
698 1338 930 1417 Agamemnonis
951 1337 1077 1400 auribus
1098 1338 1184 1412 indit,
1213 1350 1265 1401 teo

337 1423 422 1496 Quod
445 1425 557 1486 iaotnm
580 1423 687 1494 iuerat,
709 1421 761 1485 iiie
783 1431 899 1505 patrata
920 1422 1038 1502 probat.

380 1570 506 1629 VERBA
522 1570 643 1628 uutxts
660 1569 708 1628 ut·
725 1571 903 1629 utottuuts
920 1572 971 1628 Au
989 1572 1169 1634 PRIMUM.

296 1681 423 1760 Ceperat
443 1680 557 1740 interea
577 1675 638 1758 jam
660 1677 777 1759 pridem
801 1679 911 1741 missus
931 1677 1034 1742 Ulixes

336 1762 370 1824 iu
395 1764 470 1825 tocie
491 1763 603 1824 Priami
625 1781 693 1824 eum
717 1762 858 1825 Diomede
880 1764 975 1842 ioqui:

297 1849 374 1913 iios!
397 1849 480 1912 missi
502 1866 606 1912 sunnis
628 1847 665 1912 uir
687 1851 919 1930 Aporrreurnone.
942 1850 968 1912 si
989 1847 1097 1934 piacet,
1121 1850 1190 1915 aridi
1279 1917 1283 1928 ,

336 1937 427 2008 liaeo,
449 1955 526 2018 quae
549 1935 714 2000 deferimus
736 1935 800 1999 eius
822 1936 860 1999 ab
883 1955 936 2000 ore
960 1936 1024 2001 titt.
1211 1949 1262 2001 uuo

296 2025 478 2086 Graecorum
501 2025 567 2104 regi
590 2043 650 2087 non
673 2032 719 2087 est
740 2025 863 2088 victorio
885 2025 968 2095 tanti.

337 2109 376 2174 Ut
396 2128 452 2192 per
474 2107 552 2172 boiis
574 2127 645 2173 euos
667 2109 752 2172 malit
774 2109 860 2172 obire
883 2112 981 2180 riros;

298 2195 357 2258 Sed
380 2205 480 2258 umen
502 2194 583 2259 titius
605 2213 731 2275 regnum
753 2213 792 2257 no
813 2194 962 2276 deprimat
983 2195 1078 2259 hostis

336 2281 492 2343 Materiam
515 2280 615 2343 damni
637 2278 854 2362 dedecorisque
875 2299 994 2359 gerens,

296 2366 420 2446 siquis
442 2365 522 2427 eoim
544 2366 684 2427 damnum
708 2363 754 2426 rei
776 2363 908 2426 dedecus
930 2365 1038 2427 inierat
1061 2364 1116 2445 iiii,
1212 2379 1265 2429 uto

340 2448 487 2512 Maiumus
508 2459 576 2512 ante
600 2451 676 2511 mori
698 2468 786 2529 quam
811 2449 871 2510 duo
893 2449 972 2511 dicta
994 2451 1065 2531 pati.

295 2534 356 2597 iter
379 2533 522 2596 iloiouom
546 2531 654 2602 redde:
677 2541 799 2615 pacatae
822 2552 925 2596 ramus
946 2533 1041 2596 oiirae

336 2620 387 2683 Sin
409 2620 487 2683 inter
508 2620 656 2684 Graecum
679 2627 738 2682 stet
759 2618 982 2702 Phrygiumque
1005 2617 1114 2683 iocum.

294 2703 339 2769 ue
359 2705 477 2769 Paridis
498 2706 608 2789 praeda
630 2723 690 2768 non
714 2715 760 2768 est
782 2705 855 2768 mihi
879 2707 992 2770 mentio
1013 2713 1105 2779 unta,

337 2790 411 2854 Cum
434 2800 532 2855 tamen
555 2789 629 2854 haee
650 2794 758 2854 morito
781 2793 967 2856 restituenda
989 2794 1079 2855 ioret.
1213 2805 1264 2856 tto

296 2877 434 2940 Bedeous
457 2878 579 2940 omuino
600 2885 696 2950 taceo,
718 2877 791 2959 quid
814 2879 944 2940 amarius
966 2878 1047 2940 omni

340 2963 394 3026 Est
415 2962 542 3026 damnoi
566 2971 679 3026 tanturn
703 2962 824 3026 ioedera
846 2964 929 3045 pacis
949 2982 1028 3026 amo.

296 3049 327 3111 st
351 3049 433 3119 ineis,
457 3047 531 3112 haee
551 3047 687 3110 roiumus
709 3059 842 3112 extreme
864 3049 978 3130 petiere
1000 3046 1084 3118 ceila.

341 3133 425 3206 Quae
446 3133 503 3195 iuit
525 3133 649 3196 ulterius
672 3133 778 3196 iioriee
800 3152 885 3216 passa
909 3132 1031 3197 domus:

295 3217 325 3281 Si
348 3221 461 3288 minus:
485 3229 529 3281 est
550 3221 669 3280 animus
691 3216 772 3280 robis
795 3217 949 3281 eiiundere
973 3223 1060 3281 vitam
1215 3230 1266 3281 ³80

336 3307 394 3366 Aut
416 3322 470 3366 nos
492 3324 528 3367 ex
551 3305 608 3367 rita
631 3302 751 3365 tradere
773 3313 898 3386 propter
920 3322 995 3368 earn.

295 3389 333 3454 tu
354 3389 502 3452 modicum
525 3392 618 3454 uouit
639 3389 785 3462 Priamus,
809 3390 967 3454 subduxit:
996 3389 1111 3454 Ulixesi

337 3475 457 3539 Proteia
480 3479 557 3540 seris
579 3475 679 3548 rerba,
704 3485 775 3539 tune
798 3479 913 3541 rooaris
932 3477 988 3538 tot

294 3563 415 3654 Promta
437 3562 568 3641 quidem,
592 3563 644 3624 aed
667 3574 764 3624 comta
787 3564 886 3625 minus
909 3573 940 3624 tu
964 3563 1147 3644 proposuisti

361 3736 421 3786 367.
447 3749 483 3786 ox
500 3732 624 3800 margins
647 3749 697 3799 pro
719 3733 839 3800 aimpiiei
863 3731 977 3800 ‚,qnid¹¹.
1047 3735 1105 3786 etit.
1136 3752 1170 3787 ex
1193 3753 1265 3788 mar·

294 3801 357 3869 gine
376 3817 425 3867 pro
443 3800 533 3852 attero
551 3816 626 3864 suos,
644 3801 726 3858 viros.
796 3805 855 3852 aaa.
878 3806 996 3868 pnostoe
1017 3818 1051 3853 ox
1070 3804 1194 3868 morgino
1213 3821 1262 3870 pro

292 3868 429 3934 plaeetne.
469 3867 522 3924 Or.
544 3884 579 3920 ex
607 3868 688 3920 Post.
715 3870 737 3932 Ι,
763 3871 785 3930 i,
810 3873 851 3921 31.
886 3873 1005 3935 poenino
1035 3885 1127 3922 ramus
1157 3870 1260 3924 oiivne.

292 3938 350 3994 380.
377 3937 457 3990 uobis
483 3953 532 4004 prn
560 3935 646 3989 eodie.
671 3937 758 3994 vobis.
798 3937 923 3990 Imitatio
947 3936 1045 4004 vtrgtt.
1071 3939 1139 3992 don.
1164 3939 1191 4006 1,
1214 3941 1263 3992 103

293 4011 395 4076 tuaque
413 4007 534 4059 enimam
553 4005 626 4060 hano
644 4005 785 4060 effundero
803 4006 911 4063 dextro.

1026 4092 1063 4145 ⁴⁸
