3340 4788
416 688 476 754 128
773 686 900 742 mn1v.
926 703 952 744 v.
971 688 1115 744 ooo-eoo.

413 845 509 917 Quaen
534 841 607 905 ditat
631 859 760 921 gemma,
784 839 907 904 decorat
928 839 1090 922 sculptura,
1114 850 1215 905 tacere

460 929 502 992 uo
525 927 603 990 iulvo
628 935 760 990 mustum
785 943 852 990 vase
875 937 998 1006 gerente
1020 925 1097 988 volo.

415 1015 481 1078 lloe
504 1031 621 1095 quoque
644 1013 787 1084 transilio,
812 1013 891 1094 quod
914 1011 991 1075 ltalia
1015 1009 1176 1075 nonnitus
1198 1015 1273 1092 ipsis

458 1099 684 1179 llequiparativa
707 1115 762 1178 pro
785 1099 912 1178 paritate
934 1103 1028 1178 parat.

415 1181 527 1244 'l’aeolia
551 1201 588 1243 ne
611 1181 734 1262 pariam,
758 1181 943 1261 praeclaram
969 1190 1090 1242 transeo
1112 1182 1224 1252 vittam,

459 1265 541 1338 Quae
563 1267 674 1346 promit
696 1267 848 1344 egregiam
871 1283 927 1325 eeu
950 1263 1084 1326 diadema
1107 1281 1232 1330 comam.

418 1353 519 1413 Aurea
541 1351 690 1411 caesaries
711 1348 767 1410 etth
790 1351 860 1410 vitta
884 1348 958 1410 eolla
981 1358 1127 1428 pererrat,

458 1433 599 1514 Litiginm
622 1435 715 1496 erinis
738 1433 816 1496 iulva
837 1432 968 1495 refrenat
991 1449 1071 1495 acus.

416 1520 468 1584 Eat
491 1529 521 1582 ut
543 1521 573 1582 in
597 1522 716 1582 incessu
739 1537 811 1603 para
834 1537 894 1582 non
917 1527 1065 1583 contemta
1089 1516 1216 1592 decoris,

461 1605 607 1669 Observat
630 1605 761 1668 medium
784 1605 1005 1688 progrediendo
1027 1604 1163 1686 graelum.

417 1693 491 1757 Cum
514 1691 602 1764 ridel,
625 1691 704 1754 niolot
725 1702 822 1755 autem
845 1711 901 1774 pto
924 1701 1066 1774 tempore,
1091 1693 1170 1755 uiolet

461 1781 501 1844 Ut
522 1795 655 1840 summos
678 1777 782 1840 dentes
804 1781 862 1842 ima
885 1776 992 1841 iabelia
1015 1787 1126 1856 tegant.

339 1860 341 1870 ⁴
419 1865 469 1928 Sic
491 1864 585 1937 sedet,
607 1865 652 1926 sie
675 1863 754 1926 culta
778 1863 844 1935 luit,
867 1865 910 1926 sie
932 1865 1057 1925 stamina
1079 1866 1158 1926 nevit

461 1948 593 2012 Candida
617 1965 683 2010 eum
706 1949 795 2010 sociis
817 1948 1005 2011 Penthesilea
1028 1950 1099 2015 suis.

417 2036 553 2099 lliliiiam
576 2037 671 2095 lormo
695 2035 739 2094 sie
761 2040 848 2095 ornat
870 2033 986 2104 lioriola,
1010 2035 1135 2096 ioannem

461 2119 565 2182 Inclita
590 2117 702 2189 militia,
726 2119 948 2201 compuliuntur
971 2121 1020 2181 lta.

419 2205 509 2274 liaeo,
533 2205 601 2287 quia
624 2203 716 2266 muita
739 2203 795 2266 sibi
819 2205 874 2266 luit
896 2207 1078 2285 experientia
1102 2204 1182 2276 belii,

463 2289 626 2372 'l'rojanum
650 2288 760 2352 bellum
783 2308 854 2371 rege
876 2298 997 2372 petente
1021 2291 1106 2373 petii.

736 2422 797 2492 [uu
814 2421 1072 2493 auazonmuen

421 2531 474 2590 list
496 2531 527 2588 in
551 2529 752 2590 Amazonibus
774 2527 849 2588 haee
871 2529 1069 2590 consuetudo:
1094 2537 1241 2606 reguntur

463 2611 522 2672 l‘er
544 2629 577 2671 ae
598 2611 710 2672 nullius
732 2609 789 2670 eub
811 2611 924 2671 ditione
946 2613 1011 2677 vlrl.

420 2696 457 2756 Et
479 2694 592 2775 poteris
614 2712 752 2755 sermone
777 2693 868 2764 brevi,
892 2713 981 2776 quam
1005 2695 1133 2756 dicimus
1156 2704 1260 2771 ortam,

462 2780 493 2837 Si
517 2796 582 2840 meo
604 2777 695 2839 verba
719 2785 812 2846 notes,
836 2780 994 2840 enucleare
1016 2782 1070 2839 rei.

419 2864 497 2924 inte
520 2863 758 2941 qotadolngentos
781 2872 809 2923 et
832 2861 1028 2944 quodraginta
1053 2863 1098 2924 ins
1121 2881 1226 2942 annos,

464 2945 562 3018 Ouum
586 2957 674 3028 ealout
697 2948 813 3025 imperil
837 2948 956 3010 condita
981 2947 1073 3010 lioma
1097 2951 1164 3020 init.

420 3033 534 3096 indolis
557 3035 696 3112 egregiae
717 3031 843 3111 juvenes
865 3033 924 3094 «itio
947 3033 1023 3095 iorte
1045 3034 1224 3115 Scyllianum

464 3119 539 3203 ipsis
562 3118 748 3202 toanpurilons
772 3119 926 3183 incoluere
949 3121 1063 3192 solnm:

420 3205 535 3269 Plinius
559 3225 635 3268 unua
658 3215 731 3274 erat,
755 3205 882 3267 decorus
905 3207 1099 3287 Soolopeoius
1121 3209 1205 3279 aiter,

464 3291 612 3354 Strenuus
635 3299 664 3351 et
687 3290 800 3354 validus
823 3310 899 3353 untes
922 3301 951 3354 et
974 3293 1052 3354 altor
1076 3302 1148 3361 erat,

421 3374 478 3446 Oui
502 3376 593 3440 antella
616 3379 686 3458 qnia
709 3375 864 3458 pollebant
887 3379 1004 3452 virtute,
1029 3380 1122 3459 iugali

463 3461 575 3526 invidia
599 3465 688 3525 ternis
710 3471 781 3524 aum
803 3462 974 3526 stimulante
997 3467 1069 3528 suis.

420 3547 502 3610 liaeo
525 3549 571 3612 iax
595 3549 723 3611 invidiae
747 3558 918 3628 magnatum
941 3550 1054 3632 prodiit
1077 3553 1156 3632 igne,

468 3635 570 3697 Robur
594 3633 757 3697 eorundem
781 3655 855 3716 qnos
877 3637 1013 3699 timuisse
1037 3637 1139 3718 liquet.
1342 3647 1392 3698 820

489 3808 547 3856 liti.
566 3805 625 3857 ood.
644 3821 716 3870 prae.
786 3809 845 3858 800.
865 3806 913 3859 Ov.
934 3808 1053 3871 Arelli,
1073 3809 1124 3859 eet

523 3875 560 3924 tta
578 3889 697 3924 ouinmoa
716 3873 812 3924 dentes
830 3876 885 3925 ima
904 3875 1007 3926 labello
1026 3881 1129 3942 tegant.
1198 3877 1256 3928 uto.
1274 3875 1392 3928 Nomina

417 3939 549 4003 juvenum
581 3949 683 3992 sonant
710 3958 772 3993 mox
799 3941 895 3993 Ylinuo
921 3949 948 3994 ot
975 3943 1126 4009 Solopitua,
1159 3959 1220 3995 mox
1244 3944 1342 3996 Piinua
1364 3953 1391 3996 ot

422 4007 635 4074 Scholopythue,
654 4025 717 4060 mox
735 4009 851 4074 Piyinue
869 4015 897 4060 ot
915 4010 1083 4076 Solapeaine.
