3368 4792
412 611 456 677 26
734 611 798 662 nro.
816 610 840 666 1.
875 627 901 662 v.
919 611 1064 662 asc-css.

416 768 472 830 liic
494 785 576 828 mera
599 763 732 838 libertas,
755 765 804 827 bic
825 783 895 827 rere
919 764 1070 846 pericuia;
1093 782 1195 845 quare,
1336 773 1387 824 tao

459 851 554 926 Quam
576 852 641 915 fleri
665 871 779 924 servus,
803 852 863 914 otia
887 850 965 912 meio
987 852 1082 931 sequi.

416 939 554 1004 Libertas
576 956 631 1024 per
654 939 742 1004 dulce
765 937 877 1002 irorrrrm
902 937 979 1001 bono
1002 949 1101 1002 cetera
1125 937 1238 1010 ‹rrrrrdit

460 1029 533 1102 Qua,
556 1028 608 1108 qui
631 1028 713 1089 dives
735 1029 802 1098 erit,
826 1027 917 1089 ditior
939 1025 1004 1088 'ease
1028 1025 1140 1107 nequit.

578 1207 739 1264 Pmauus
757 1207 936 1264 Pauuuuu
955 1203 1224 1263 REPREHENDIT.

418 1335 455 1396 tt
478 1333 612 1395 Priamus
635 1328 714 1393 bclio
737 1332 845 1412 gaudet
868 1339 1039 1395 constanter
1062 1339 1092 1393 et
1114 1339 1202 1411 urget

461 1415 652 1499 Propositum
675 1420 783 1479 mentis
806 1417 1001 1499 enercioatque
1023 1435 1120 1479 sirum.
1339 1425 1390 1475 470

419 1505 497 1575 Non,
521 1505 571 1574 ait,
594 1505 624 1565 in
647 1510 748 1565 rnente
771 1507 918 1566 constanti
942 1503 999 1564 tela
1021 1505 1137 1565 timoris

463 1588 613 1658 Fabricat,
637 1591 667 1650 in
690 1590 788 1667 fragili
813 1589 894 1651 bubo
915 1589 1060 1670 propbeta
1084 1586 1163 1649 mali.

418 1674 480 1738 Nos
502 1678 593 1735 istum
618 1683 720 1745 ratem,
745 1693 799 1735 nos
820 1692 928 1736 ranum
951 1676 1121 1754 spernimus
1144 1689 1243 1744 omne,

463 1759 562 1821 Solius
585 1767 631 1819 est
652 1759 809 1839 proprium
831 1762 911 1821 scire
933 1760 1033 1820 sutura
1057 1759 1114 1820 dci.

420 1845 517 1923 Saepe
539 1844 698 1922 fatigamur
719 1845 749 1904 in
772 1842 882 1914 multis,
906 1861 995 1924 saepe
1017 1844 1142 1904 molesta
1341 1850 1391 1901 475

464 1929 599 1990 Sustinet
620 1946 636 1988 a
660 1928 782 1991 Graccis
804 1928 895 2010 'l'rojn
918 1932 1044 1990 remissa
1067 1924 1166 1989 minis.

420 2013 552 2076 Exacuat
573 2012 701 2074 vindicta
724 2031 840 2088 manus,
864 2023 1036 2076 constanter
1059 2015 1089 2074 in
1112 2011 1163 2074 ilie

366 2176 369 2184 ἱ
465 2100 649 2170 Perstemus,
672 2117 762 2182 quam
785 2102 843 2162 iem
866 2103 1020 2178 coepimus
1041 2101 1087 2160 ire
1109 2102 1196 2161 viam.

420 2184 521 2266 'l'urpe
543 2187 658 2246 referre
682 2184 798 2265 pedem,
823 2203 879 2249 nee
901 2205 990 2268 passu
1014 2195 1094 2248 stare
1117 2188 1227 2256 tenaci,

464 2272 566 2352 'l'urpe
588 2271 679 2333 semei
703 2280 814 2334 tactum
838 2274 1040 2353 postposuisse
1063 2271 1171 2334 iocum.
1343 2280 1394 2331 480

421 2360 481 2420 dart
503 2375 655 2438 nunqnam
678 2366 775 2420 tentes
797 2369 848 2420 aut
870 2359 989 2440 pertice.
1034 2357 1140 2420 Nonne
1164 2356 1335 2437 loquentur,

464 2442 572 2504 Troica
595 2443 779 2504 Graecorum
802 2453 935 2505 transeat
957 2444 1041 2504 irasta
1062 2441 1157 2521 jecur.

424 2526 513 2588 Audit
536 2535 565 2587 et
588 2525 645 2586 iroe
667 2528 758 2588 audet
778 2545 943 2608 ausumque
966 2527 1127 2589 sonoribus
1150 2534 1248 2605 auget,

467 2611 505 2673 Et
529 2609 614 2673 ducis
637 2610 734 2672 edicto
756 2612 845 2693 Troja
868 2622 971 2692 parata
995 2613 1081 2674 iavet.

423 2695 509 2758 Tolle
531 2713 638 2766 moras,
663 2698 755 2768 aiunt,
779 2701 882 2758 nocuit
903 2699 1024 2759 ‹tiuerre
1047 2698 1176 2779 paratim
1345 2705 1395 2756 488

467 2780 627 2844 Dimidium
651 2780 719 2844 iacti
742 2785 793 2861 qiri
816 2783 893 2844 benc
916 2785 1023 2862 coepit,
1047 2781 1147 2844 babet.

424 2866 542 2929 Decreti
565 2866 650 2928 trabe
672 2868 735 2928 reia
758 2870 812 2945 tui,
835 2868 1001 2949 peribimus
1023 2887 1137 2938 omnes,

468 2952 563 3015 duero
584 2971 617 3014 se
640 2961 707 3014 roto
730 2957 825 3032 patria
848 2963 908 3016 toto
932 2963 991 3016 trro.

424 3039 531 3100 Grates
553 3057 605 3101 rex
629 3041 745 3120 peregit
767 3050 798 3102 et
820 3049 938 3103 coetum
961 3041 1067 3102 concio
1090 3039 1187 3101 scirit.

467 3123 613 3186 insistunt
634 3127 730 3204 operi,
753 3127 787 3188 iit
808 3144 891 3188 mora
913 3126 995 3187 nuiia
1019 3125 1108 3187 tauri.
1345 3135 1396 3184 teo

425 3208 632 3271 Procumbunt
653 3212 765 3289 piceae.
790 3221 876 3272 sonat
898 3215 956 3272 icta
979 3207 1136 3272 securibus
1158 3207 1228 3281 ilex,

400 3323 403 3330 ·
470 3293 562 3354 Cerni
584 3301 758 3356 sternuntur
781 3297 994 3377 fraxineaeque
1017 3294 1126 3358 tratres.

493 3467 553 3516 488.
572 3481 587 3516 s
606 3467 731 3532 margins
750 3483 799 3533 pro
816 3469 923 3518 misera.
991 3469 1051 3521 idi.
1068 3464 1156 3524 Aaron,
1174 3465 1271 3518 Nerei.
1289 3484 1316 3535 p.
1337 3469 1397 3526 888,

425 3549 452 3588 v.
469 3535 495 3584 9.
581 3534 640 3588 tas.
658 3537 747 3588 naon.
769 3535 865 3588 Nerei.
889 3552 916 3602 p.
940 3537 991 3587 588
1008 3550 1034 3590 u.
1055 3537 1095 3586 12.
1184 3537 1244 3592 474.
1261 3535 1398 3602 Pamphii.

426 3600 539 3665 XXXV,
558 3604 583 3657 2.
635 3606 693 3655 tiu.
711 3603 805 3656 Ovidii
823 3612 867 3656 est
884 3620 918 3656 ex
930 3605 1011 3656 l‘ont.
1024 3604 1060 3669 11,
1074 3607 1099 3668 8,
1110 3607 1152 3655 at.
1203 3605 1263 3656 480.
1274 3605 1398 3658 imitatio

427 3668 508 3722 ovid.
526 3671 593 3724 ibid.
612 3687 638 3723 v.
657 3673 691 3722 22
708 3672 799 3739 'hume
818 3672 994 3724 laborantem
1011 3671 1168 3726 deseruisse
1185 3677 1284 3729 ratam.

426 3739 486 3793 481.
504 3738 609 3790 Similia
626 3738 707 3797 ovid.
725 3739 778 3792 Ara
795 3741 854 3792 Am.
873 3741 895 3806 1,
914 3742 965 3792 888

675 3808 732 3859 Aut
749 3824 803 3860 non
821 3809 950 3872 tentaris,
969 3814 1017 3858 aut
1034 3807 1144 3874 parties.

424 3873 486 3924 488.
504 3873 612 3924 Lucan.
630 3874 654 3939 1,
672 3877 732 3926 281.
783 3877 841 3927 488.
857 3877 925 3926 Hor.
943 3873 994 3941 Ep.
1012 3877 1035 3938 1,
1053 3879 1077 3934 8,
1095 3879 1137 3926 40.
1157 3875 1250 3926 dimid.
1268 3877 1316 3942 qui
1334 3892 1398 3928 ooa-

427 3941 469 4004 pit
486 3939 582 3992 habet.
653 3944 711 3994 481.
731 3945 773 3998 bd.
791 3943 903 4010 Virgilii
921 3944 1041 3994 imitatio
1061 3943 1130 3997 Aen.
1148 3943 1196 3994 v1.
1216 3944 1273 3995 180.
1292 3945 1349 3996 tsi.
