3368 4792
598 675 669 746 areg
678 678 701 731 1.
736 695 761 735 v.
780 680 925 735 aro-aea.
1204 679 1245 745 21

275 835 384 896 Laetus
405 833 437 894 in
460 850 542 894 arura
567 835 634 894 reni
657 852 713 895 nec
736 833 846 909 lentus,
868 852 988 915 semper
1010 837 1042 896 in
1065 836 1138 907 istis,

317 920 349 980 Sl
370 917 449 979 bene
472 925 499 978 to
523 919 598 988 nori,
623 936 708 980 meus
730 927 794 980 crat
816 927 884 998 apta
908 917 972 980 tibi.
1195 929 1247 978 320

275 1002 360 1076 Quod
385 1012 434 1065 tua
458 1011 486 1064 te
509 1004 604 1064 virtus
627 1005 709 1064 iuret
731 1010 761 1066 et
783 1005 941 1084 sapientia,
965 1003 1056 1065 credo

316 1088 417 1169 Turpe
440 1106 496 1150 nec
518 1094 563 1148 est
586 1086 636 1150 tali
659 1084 836 1151 credulitate
858 1090 934 1167 capi.

274 1175 398 1255 Saepius
421 1183 578 1253 expertum
602 1174 672 1235 lacit
695 1175 878 1255 experientia
901 1185 1026 1247 centuni,

316 1263 358 1325 lld
382 1279 486 1324 earrsrn
509 1268 594 1323 erutus
616 1268 663 1324 cst
685 1260 823 1323 rlrrbitare
846 1263 938 1327 rrelns.

273 1349 392 1423 lactus,
416 1351 465 1420 ait,
491 1349 623 1420 veniaru;
647 1369 703 1412 uuo
726 1370 774 1412 rare
797 1347 881 1413 labor
904 1350 953 1412 illc
976 1349 1122 1430 gravabit,
1195 1359 1246 1411 326

315 1437 410 1500 ilaior
432 1437 469 1498 alr
493 1439 594 1498 occiso
616 1455 702 1500 mens
725 1435 798 1499 nrllri
822 1437 931 1499 crescit
954 1456 1017 1498 aro.

273 1523 420 1586 Provocat
441 1523 589 1604 Hespoue,
612 1523 740 1604 praedae
764 1523 911 1592 violentia,
934 1529 1059 1603 strages,

317 1609 465 1688 Multaque
488 1626 565 1688 quae
587 1611 681 1669 nostri
705 1609 877 1670 sustinuere
901 1607 1040 1688 Phryges.

274 1693 306 1754 si
328 1691 435 1774 placet,
459 1692 525 1763 ibo;
549 1691 619 1753 licet
641 1691 714 1753 ruilri
738 1710 794 1753 uec
816 1693 974 1772 prudentia
999 1693 1107 1754 urentis

317 1777 378 1840 Nec
400 1776 474 1840 rnilri
497 1781 536 1839 sit
559 1779 651 1839 virtus
673 1780 818 1859 eorporis,
843 1777 894 1840 ibo
917 1784 1026 1844 tamen.

274 1864 356 1938 Quae
378 1873 483 1946 potero
506 1865 621 1936 laciaru,
644 1864 696 1927 sed
720 1864 947 1945 praemeditatio
971 1882 1071 1926 reruru

316 1951 412 2032 Saepe
435 1949 514 2012 bono
538 1969 657 2013 causam
681 1951 822 2014 claudere
845 1952 904 2013 line
927 1950 1013 2012 solet.

274 2036 462 2118 Principium
485 2040 636 2118 lineruque
660 2040 704 2099 rei
728 2037 887 2118 prudentia
910 2044 1025 2119 spectat

317 2123 374 2196 Qui
397 2125 487 2186 uirnis
509 2133 554 2185 est
576 2132 658 2187 tutus
682 2124 755 2187 retia
777 2123 843 2205 jure
866 2122 955 2186 subit.

274 2209 340 2272 Non
363 2217 410 2271 est
432 2212 532 2290 ignota
556 2227 618 2272 res:
643 2220 689 2272 est
711 2211 855 2290 sapientia
879 2210 1012 2282 Graecis,

317 2295 454 2358 Consiliis
476 2293 601 2365 inhiant.
626 2314 697 2358 ense
720 2313 869 2377 manuque
892 2292 990 2358 valent

274 2381 412 2442 Protinus
435 2388 468 2440 ut
490 2389 624 2442 nostrum
648 2389 747 2442 ruoret
769 2379 827 2443 illis
850 2380 971 2441 eleutero
996 2380 1117 2450 bellurn,

318 2466 384 2528 Nou
407 2473 477 2546 puto
500 2468 572 2544 quin
596 2466 698 2546 plures
720 2465 902 2528 nuntientur
925 2467 984 2537 eis;

276 2551 394 2613 Vicinos
416 2551 547 2629 aliosque
570 2551 661 2614 ducos
683 2549 871 2633 populusque
895 2549 1019 2613 ciebunt

317 2639 488 2701 Occurrunt
511 2636 598 2699 nobis
621 2637 651 2699 lri
675 2638 755 2700 reiut
779 2639 856 2700 unda
880 2638 979 2700 uraris.

275 2724 367 2794 adue,
391 2723 470 2801 quod
493 2722 613 2786 inlrellis
635 2743 689 2804 pro
713 2723 917 2787 dissuetudine
941 2723 1012 2785 lrelli

318 2810 405 2871 Extat
426 2807 524 2870 adlruc
546 2810 625 2879 Asia,
649 2808 798 2871 desidiosa
822 2811 922 2887 ‹prrasi;

277 2895 343 2956 lion
365 2896 409 2955 sie
431 2893 565 2974 Europa:
588 2913 708 2975 semper
730 2895 848 2957 sudavit
870 2898 899 2954 in
924 2895 1028 2964 armis;

319 2977 428 3040 Bellica
452 2979 593 3039 nimirum
617 2978 738 3041 brachia
760 2978 837 3040 bella
862 2980 970 3040 sciunt.

276 3064 352 3125 lline
375 3064 497 3126 Graecis
520 3062 615 3125 valida
639 3072 708 3126 sunt
730 3083 823 3135 arma,
847 3061 996 3144 probatio,
1019 3061 1112 3124 multa
1199 3071 1250 3146 ato

319 3147 430 3211 Classis
451 3150 505 3219 eis,
530 3146 616 3211 uobis
639 3149 742 3210 inclita
765 3147 844 3211 nulla
867 3152 951 3211 ratis.

276 3236 313 3298 dt
334 3235 407 3297 lieet
428 3235 552 3298 exinrias
576 3233 735 3316 protendat
756 3234 880 3297 Graecia
904 3236 992 3306 vires,

317 3321 381 3392 ibo,
405 3339 464 3403 quo
487 3323 511 3382 si
535 3329 567 3384 tu
590 3341 637 3384 rnc
660 3329 746 3403 pater
768 3322 814 3382 ire
834 3318 931 3400 jubes.

278 3478 481 3489 -.....--.-—-

344 3563 403 3617 322.
420 3561 514 3614 Ovidii
537 3565 581 3612 est
600 3577 634 3612 ex
653 3563 734 3612 Pont.
754 3561 777 3624 Ι,
798 3565 821 3624 1,
839 3564 883 3616 ll.
965 3563 1023 3614 325.
1042 3560 1140 3612 ultima
1157 3576 1253 3612 versus

276 3646 341 3698 porr
360 3635 403 3681 est
421 3629 520 3695 Virgil.
539 3631 605 3681 Aen.
625 3631 661 3693 11,
680 3632 739 3681 708.
819 3633 876 3681 331.
895 3632 938 3684 32.
957 3629 1071 3681 Alanus.
1090 3629 1251 3681 Antielaud.

276 3701 339 3749 Lib.
357 3699 386 3749 11
405 3697 442 3762 (p.
460 3699 506 3762 aa)
526 3698 574 3748 liu.
592 3700 608 3748 8
627 3700 662 3748 ab
681 3698 768 3748 inlro:
794 3698 909 3762 finisque
933 3699 1011 3749 beati
1029 3698 1130 3750 Gratia
1148 3699 1252 3763 priuci-

275 3767 329 3833 piis
348 3780 455 3832 semper
474 3765 624 3832 respondet
642 3765 775 3816 lronestie.
847 3770 904 3820 333.
923 3766 1063 3832 l’nrnplril.
1081 3765 1170 3826 xvii,
1191 3767 1206 3816 ‘l

372 3832 555 3899 Principium
574 3831 711 3900 finemque
731 3833 813 3884 simul
832 3833 1012 3900 providentia
1031 3837 1149 3900 spectat.

276 3903 334 3955 334.
356 3901 491 3966 Anonym.
515 3901 613 3954 Nerei.
639 3920 664 3968 p.
683 3903 741 3954 ool.
762 3901 810 3954 lin.
831 3905 855 3954 2.
938 3905 996 3955 333.
1014 3917 1112 3953 monus
1135 3901 1252 3968 antique

276 3972 305 4023 iu
323 3971 445 4038 margine
464 3987 513 4037 per
531 3971 696 4036 ‚‚eitnbunt‘¹
717 3970 847 4038 explicat.
