3674 4790
374 666 375 669 ’
456 692 498 758 1ss
856 691 1071 744 palarmo,

454 844 563 905 Tretos
586 843 731 920 scriptum
756 861 822 904 esse
845 842 1008 920 putabant,
1037 842 1116 903 unde
1140 841 1357 903 concludebant
1379 845 1474 902 totam

454 943 585 1004 fortasse
605 941 792 1020 tragoediam
812 940 883 1002 huie
904 941 1043 1019 scriptori
1065 940 1256 1002 tribuendam
1272 959 1347 1002 esse.
1378 939 1475 1012 Quam

453 1040 492 1103 ad
521 1061 585 1102 ram
613 1041 821 1104 excutiendam
849 1059 1012 1120 aggressus
1040 1041 1163 1120 linguae
1190 1060 1248 1101 usu
1276 1043 1308 1102 81
1339 1041 1472 1102 metricis

454 1140 622 1202 rationibus
646 1142 825 1202 examinatis
849 1140 945 1200 statui
968 1140 1078 1200 librum
1102 1141 1182 1203 hunc
1204 1159 1263 1201 non
1286 1159 1306 1201 a
1329 1139 1475 1218 Gregorio

453 1239 626 1317 illoneque
650 1239 837 1316 temporibus
860 1239 936 1314 eius,
959 1237 1012 1298 sed
1033 1237 1110 1300 XII.
1133 1238 1210 1298 lere
1234 1238 1380 1299 saeculo
1404 1237 1475 1298 scri·

453 1342 541 1416 ptum
570 1357 637 1399 esse
665 1341 697 1399 et
724 1357 866 1416 magnam
895 1335 1122 1398 similitudinem
1145 1337 1215 1396 huic
1238 1339 1270 1397 et
1292 1335 1474 1398 Theodori

453 1437 648 1500 Prodromi
679 1439 800 1516 scriptis
831 1437 1028 1516 intercedere,
1061 1454 1153 1515 qnare
1183 1435 1248 1498 veri
1279 1434 1377 1496 simile
1407 1453 1474 1497 esse

454 1538 532 1600 hunc
556 1536 711 1599 Christum
734 1537 899 1617 patientem
923 1537 1135 1617 composuisse.

522 1637 620 1699 Huius
648 1637 910 1699 commentationis
938 1656 1086 1699 summam
1110 1637 1243 1698 referens
1267 1655 1286 1695 a
1309 1636 1474 1698 metricis

454 1737 666 1797 rationibus
690 1738 921 1815 argumentandi
944 1736 1065 1796 initium
1084 1737 1201 1799 laciarn.
1238 1735 1410 1814 Tragoedia
1428 1754 1477 1796 ex-

454 1835 550 1912 eeptis
573 1834 672 1894 tribus
691 1835 829 1895 versibus
846 1837 930 1896 1481
943 1855 1006 1912 sqq.
1025 1839 1189 1912 anapaesto
1208 1853 1334 1894 numero
1352 1834 1475 1893 inclusis

454 1933 623 2009 composita
646 1935 694 1992 est
715 1933 899 1992 trimetris
923 1931 1100 1992 iambicis.
1150 1931 1191 1990 Hi
1214 1931 1319 1991 multis
1342 1931 1434 1990 rebus
1457 1949 1476 1988 a

456 2027 630 2105 Gregorii
667 2027 838 2089 versibus
876 2027 1066 2089 differunt.
1121 2027 1257 2088 Primum
1290 2027 1411 2104 quidem
1443 2027 1475 2085 in

452 2145 626 2187 mensura
654 2125 835 2188 vocalium
866 2126 1030 2205 Gregorius
1060 2127 1193 2188 rationes
1222 2128 1360 2188 veterum
1383 2125 1475 2199 tenet,

453 2225 513 2286 nisi
536 2226 616 2304 qnod
637 2243 853 2305 nonnunquam
877 2226 977 2286 minus
995 2227 1160 2304 constringi
1179 2225 1298 2302 legibus
1317 2223 1391 2299 vult,
1415 2225 1476 2282 trs·

453 2323 580 2402 goediae
610 2328 715 2386 auctor
743 2323 774 2384 in
797 2343 939 2386 mensura
962 2325 1082 2404 quidem
1105 2324 1263 2386 literarum
1287 2347 1324 2402 cr,
1347 2345 1382 2404 η,
1406 2344 1434 2400 ε,
1458 2345 1475 2384 8

453 2424 515 2484 11118
538 2424 658 2502 legibus
677 2427 777 2502 paret3
800 2423 1022 2500 praetermissis
1043 2425 1123 2485 enim
1141 2443 1232 2486 versu
1251 2423 1367 2484 ludicro
1387 2424 1472 2483 2552

453 2523 631 2584 8112160
654 2525 794 2598 corrupto
814 2524 846 2582 81
864 2521 1030 2582 emendatis
1052 2543 1102 2584 11.
1118 2524 1169 2600 84,
1190 2525 1263 2597 217,
1283 2523 1357 2597 725,
1378 2523 1473 2598 1203,

456 2621 541 2681 1238
560 2642 577 2681 8
596 2621 690 2680 semel
709 2619 890 2695 productum
903 2623 951 2680 881
964 2619 995 2679 18
1009 2639 1036 2681 r.
1053 2621 1154 2695 2204,
1178 2641 1192 2680 ε
1206 2618 1303 2682 sexies
1316 2618 1348 2679 in
1362 2639 1410 2681 11.
1422 2623 1472 2695 72,

455 2721 507 2795 81,
533 2719 628 2796 1037,
654 2720 754 2796 1801,
779 2719 880 2792 2000,
906 2720 1008 2796 24931
1041 2717 1094 2778 sed
1115 2718 1236 2779 vocales
1259 2739 1293 2794 a,
1316 2740 1342 2794 ι,
1364 2740 1384 2778 8
1406 2735 1474 2794 pro-

453 2818 566 2878 miscue
589 2819 697 2895 longae
721 2820 753 2877 81
775 2817 882 2880 breves
906 2820 986 2897 sunt,
1010 2819 1102 2894 atque
1125 2815 1200 2877 adeo
1224 2816 1473 2900 8111111824,

454 2919 541 2981 2434
572 2921 742 2996 correptum
773 2920 829 2979 est.
875 2915 958 2978 Haec
987 2917 1109 2978 illarum
1136 2917 1285 2978 vocalium
1313 2916 1474 2996 illegitima

455 3037 599 3080 mensura
626 3037 645 3079 8
672 3019 859 3097 temporibus
883 3015 1008 3096 Georgii
1030 3017 1163 3094 Pisidae,
1188 3017 1239 3094 qui
1262 3018 1382 3079 saeculo
1405 3016 1473 3076 Vll.

454 3119 523 3196 fuit,
547 3119 705 3197 paullatim
731 3119 888 3198 succrevit,
912 3118 982 3179 inde
1005 3137 1024 3179 8
1047 3136 1121 3179 8888.
1146 3115 1198 3177 XI.
1223 3135 1325 3178 omnes
1350 3135 1387 3178 aa
1408 3121 1473 3178 ute·

453 3204 578 3294 1188181,
611 3218 750 3294 inprimis
784 3217 905 3278 Taetzes
937 3221 969 3277 81
1002 3216 1177 3279 Theodorus
1204 3216 1396 3278 Prodromus.
1441 3216 1474 3276 81

453 3319 594 3377 accentus
613 3316 821 3377 circumflexus
840 3315 1022 3390 correptioni
1041 3314 1193 3392 obstabat,
1216 3315 1328 3374 mutari
1347 3315 1473 3392 solebat,

452 3411 768 3488 81011881128
793 3402 932 3490 σημάναι.
975 3411 1074 3473 Η8188
1106 3412 1329 3474 consuetudinis
1357 3413 1473 3472 ratione

452 3511 557 3570 habita
580 3510 640 3569 ianr
664 3509 842 3569 Dnebnerns
870 3509 903 3568 in
926 3507 1047 3570 Christo
1070 3511 1200 3587 patienti
1224 3513 1378 3570 accentum
1402 3528 1474 3570 non-

451 3625 605 3686 nunquam
629 3608 766 3669 mutarit.

518 3705 554 3765 In
573 3705 712 3784 Gregorii
737 3705 844 3766 deinde
867 3706 1014 3768 trimetris
1033 3707 1122 3767 multi
1145 3706 1257 3784 pedes
1282 3706 1473 3784 trisyllabi

453 3804 727 3883 deprehenduntur,
751 3804 926 3882 tragoediae
949 3806 1065 3866 auctori
1088 3805 1148 3866 iarn
1172 3824 1209 3865 88
1231 3805 1279 3865 lex
1302 3806 1412 3881 valuit,
1436 3824 1473 3865 ne

450 3920 556 3963 versus
570 3922 729 3962 numerum
744 3902 915 3963 duodenum
929 3904 1115 3980 syllabarum
1131 3903 1356 3980 egrederentur.
1376 3901 1473 3974 Quam

453 3998 492 4059 ob
515 4018 580 4060 rem
602 4017 709 4062 versus
733 3999 855 4059 aliunde
878 4001 1038 4079 repetitos,
1062 4001 1226 4078 inquibus
1250 4000 1407 4078 anapaesti
1425 3999 1474 4061 vel

450 4097 619 4160 tribrachos
644 4098 854 4176 occurrebant,
878 4099 1029 4178 mutabat,
1053 4102 1089 4159 ut
1111 4098 1218 4161 Bacch.
1242 4118 1270 4160 1.
1292 4100 1371 4159 6821
