3372 4788
634 742 922 808 Pnonnuonnnn.
1244 768 1267 817 v

293 899 360 981 suit
397 903 502 966 autem
540 901 614 967 lunio
652 901 715 968 toco
753 923 776 968 o
810 903 862 967 13.
891 922 979 969 anuo
1010 901 1161 971 Heinrici
1192 903 1267 970 111.

293 1003 392 1067 usqum
420 986 466 1052 aa
484 989 538 1051 26.
561 1005 685 1054 annum
712 1007 731 1051 r
766 987 803 1053 ni
827 985 1019 1055 Heinrtci
1040 988 1106 1056 IV.
1153 989 1267 1070 Quem

289 1073 363 1153 poet
395 1070 557 1136 biennium
589 1072 700 1137 adieris
770 1090 866 1138 mnus
892 1072 992 1140 ubbcs
1015 1073 1181 1156 Tiosriciuc
1204 1074 1268 1141 Ro

295 1173 367 1222 moe
404 1172 491 1223 anuo
530 1157 766 1224 incarnationis
810 1155 948 1224 Domini
993 1159 1267 1226 1083.13.Kat.

296 1237 480 1308 Decembris
501 1241 667 1309 abbatiam
687 1243 822 1328 suscepit
841 1263 974 1328 eamque
982 1265 1043 1330 por
1056 1247 1101 1311 28
1115 1263 1219 1312 annos
1232 1246 1269 1312 in

294 1327 440 1394 omnibus
460 1347 593 1413 sequeus
612 1329 744 1414 umboio
760 1330 1011 1414 praedecessoris
1031 1333 1099 1416 sui,
1120 1334 1157 1398 ut
1176 1351 1269 1399 uersu

293 1412 446 1482 Israelita
472 1417 689 1484 strenuissime
716 1418 819 1484 rexit.
833 1465 841 1483 .
856 1466 886 1483 ..
920 1438 1007 1485 auno
1032 1419 1269 1486 incarnationis
1336 1433 1338 1436 ·

293 1499 432 1568 Domini
453 1506 547 1587 1110,
570 1503 741 1570 indictione
762 1504 871 1589 tertio,
894 1507 983 1571 uun
1006 1503 1121 1572 Nonas
1143 1503 1269 1590 Amulio

294 1589 331 1654 in
351 1593 504 1656 senectute
525 1589 608 1656 bono
629 1589 817 1657 obdormivit
843 1589 880 1656 in
900 1588 1043 1658 Domino
1069 1591 1268 1678 sepultumque

295 1675 397 1740 estin
417 1679 569 1742 munerun
590 1697 612 1742 a
632 1673 791 1743 Brunonc
805 1674 990 1744 Yrcuereusi
1012 1677 1268 1764 archiepiscopo!

378 1760 418 1825 ln
446 1759 548 1826 eltero
577 1764 686 1827 eutem
714 1760 862 1847 catalogo
885 1762 904 1826 1.
929 1760 951 1826 l.
975 1783 1051 1848 pag.
1074 1762 1117 1829 34
1144 1761 1202 1828 lin.
1229 1762 1269 1828 10

293 1844 374 1910 heec
396 1847 525 1910 extent:

378 1931 582 2015 ‘Yiuofrictus
614 1932 714 2000 obbas
746 1951 833 2002 anno
868 1934 1104 2001 incantationis
1131 1932 1269 2002 Domini

293 2021 387 2083 1083.
410 2021 459 2083 13.
488 2017 567 2085 Kal.
596 2016 781 2086 Decembris
803 2019 968 2088 abbatiam
990 2019 1115 2088 Romae
1135 2021 1270 2103 suscepit

294 2122 424 2185 comque
439 2123 501 2187 por
521 2106 567 2170 28
588 2123 692 2171 anuos
711 2106 927 2172 strenuissime
940 2107 1024 2172 rccit
1036 2125 1075 2171 ac
1089 2125 1177 2172 amco
1190 2110 1270 2171 1110

294 2187 530 2254 incarnationis
557 2189 735 2255 dominicae
760 2191 850 2258 tertio
871 2209 976 2255 nonos
996 2189 1123 2272 Aur-ilis
1149 2209 1188 2255 ec
1208 2189 1270 2255 boc

294 2270 361 2336 lucc
381 2272 541 2354 migrauit.
576 2271 730 2353 Pruesuit
751 2279 857 2340 antem
878 2273 954 2338 buic
974 2273 1038 2338 loco
1061 2295 1083 2340 a
1103 2275 1158 2341 28.
1181 2291 1269 2339 omno

294 2352 445 2421 Heinrici
466 2354 492 2420 1
496 2355 532 2422 V.
555 2376 653 2440 usaue
675 2357 720 2422 uri
739 2359 771 2422 3.
794 2377 920 2425 annum
940 2357 1032 2440 requi
1047 2355 1198 2422 Heinrici
1219 2355 1266 2434 7.,

292 2439 476 2523 subtilisque
501 2441 624 2524 inuenti
651 2443 846 2510 monimenta
872 2441 1016 2525 plurimu
1044 2442 1080 2508 in
1105 2441 1211 2524 prosis
1238 2444 1267 2506 ct

293 2526 401 2591 metus
432 2529 461 2590 et
498 2526 631 2592 diuersos
662 2526 872 2595 historiarum
904 2527 1064 2610 mntem,
1092 2527 1130 2592 in
1151 2525 1269 2610 auibus

293 2611 427 2696 mirifice
447 2611 571 2696 floruit,
593 2612 782 2697 dereliquit?

379 2697 514 2776 Quando
537 2703 571 2766 et
591 2699 648 2767 ubi
669 2703 767 2769 natue
791 2701 850 2788 eit,
873 2689 1053 2788 ignoretur.
1098 2696 1183 2766 Dum
1205 2695 1270 2786 pri-

295 2808 409 2852 maeve
437 2789 544 2853 ueinte
573 2787 607 2854 in
630 2788 827 2857 monasterio
853 2785 1089 2874 prernucenui
1112 2785 1271 2852 nutritum

296 2872 408 2961 ibique
431 2873 544 2960 primis
566 2873 749 2942 litterarum
776 2874 891 2943 studiis
913 2874 1075 2940 imbutum
1097 2893 1166 2939 eme
1189 2870 1269 2938 nuo.

299 2959 493 3029 Weilunduo
515 2962 589 3030 inde
611 2963 803 3030 concludere
825 2961 886 3030 sibi
909 2960 1052 3046 videtur,
1097 2957 1163 3026 nod
1184 2979 1271 3025 enno

301 3049 382 3116 1031
399 3047 575 3116 elevationi
598 3049 633 3132 (i.
650 3071 676 3117 e.
694 3049 914 3134 translationi)
937 3047 1043 3114 suncti
1104 3043 1272 3129 illibrordi‚

325 3157 385 3200 nee
412 3134 446 3200 in
477 3157 545 3221 cap.
575 3133 717 3202 XXXIV
738 3134 838 3201 Vitee
866 3136 1050 3218 enarretur,
1078 3130 1272 3197 interfuerit.

302 3157 365 3286 god
388 3241 485 3304 quem
508 3221 603 3286 effert
624 3221 731 3287 locum
754 3241 794 3287 ex
819 3219 982 3286 Thiofridi
1003 3217 1153 3284 Floribus
1174 3215 1275 3300 epiiu

296 3304 366 3390 phii
396 3308 584 3371 sanctorum
612 3307 628 3372 1
654 3327 724 3371 cn.
754 3305 774 3372 6
802 3304 885 3393 (cod.
916 3303 1015 3371 Goth.
1045 3302 1087 3368 70
1116 3302 1174 3368 iol.
1201 3301 1270 3366 111¹

299 3392 390 3491 111⁷)
411 3390 695 3479 insinuavitque(
730 3391 897 3456 umbertus
919 3389 1032 3478 ebbae)
1049 3409 1109 3472 per
1133 3409 1171 3454 ca
1191 3405 1274 3470 quac

293 3481 398 3560 poturi
418 3477 519 3543 dicere
544 3477 639 3559 facilc
664 3497 734 3544 nos
758 3496 850 3562 posse
876 3477 1013 3542 conicum
1034 3475 1179 3540 monimo
1200 3492 1272 3546 esse.

298 3582 380 3644 auce
406 3562 453 3627 oct
479 3581 545 3627 uon
568 3563 672 3644 potuit
697 3563 744 3628 oet
770 3563 877 3627 timuit
897 3561 999 3627 uerbis
1020 3560 1204 3642 monuere
1233 3557 1273 3622 ud

299 3645 497 3711 sententium
513 3667 604 3710 suem
618 3647 829 3731 probandum,
853 3643 975 3723 dubito,
994 3664 1036 3706 un
1048 3643 1076 3706 is
1091 3641 1273 3707 necessario

301 3729 349 3794 itu
370 3729 520 3814 intellegi
542 3729 674 3812 debent,
697 3741 735 3794 nt
756 3729 944 3794 'I'hioiridus
960 3726 1077 3810 ipsein
1095 3725 1274 3792 elevatione

299 3814 363 3877 istu
386 3808 573 3879 inte'riuieee
596 3813 758 3896 putandus
780 3813 833 3878 eit.
874 3811 968 3885 Quod
990 3809 1078 3874 enim
1107 3808 1173 3876 l.1.
1196 3807 1276 3872 dicit

299 3899 380 3963 ‘nos
403 3916 495 3980 posse
522 3897 681 3981 coniccre’,
710 3895 838 3960 videtur
866 3893 948 3958 illud
974 3895 1032 3958 unt
1059 3912 1098 3956 ex
1125 3910 1274 3975 persone,

300 3985 339 4046 ut
370 3982 418 4047 itu
451 3982 570 4065 dicum,
594 3981 795 4047 audientium
830 3979 952 4044 dictum
983 3998 1067 4057 esse,
1095 3979 1152 4041 eut
1177 3995 1274 4040 sensu

300 4067 444 4154 generali
473 4089 530 4154 pro
560 4073 678 4134 ‘omnes
703 4068 882 4152 quicunque
908 4064 1046 4132 audiunt
1077 4064 1105 4129 et
1131 4061 1274 4128 ouciient’
