3372 4788
444 672 507 737 174
748 672 810 726 usu.
829 670 878 724 v1.
915 687 941 725 v.
959 671 1104 728 aaa-aso.

488 825 611 889 Fallitur
633 828 758 906 auguria
780 844 850 908 apes
871 825 949 889 hona
971 844 1061 906 saepe
1084 824 1172 888 borao.

444 913 576 996 Pyrrhus
598 913 634 976 ad
658 913 724 986 lroo,
748 915 816 996 qula
835 912 986 994 displicuit
1008 912 1153 976 dissuasio
1175 912 1300 995 Pyrrlro,

486 999 562 1082 llegi
583 1002 681 1064 ricino
703 1000 800 1064 stabat
822 1009 852 1062 et
874 1001 936 1081 ipse
958 1000 1041 1063 loeo:

444 1085 589 1150 Providus
611 1095 656 1150 est
677 1088 796 1162 Nestor,
820 1095 864 1148 est
885 1088 1121 1168 circumspectus
1144 1084 1259 1154 Ulixes:
1362 1090 1413 1146 aas

488 1172 620 1234 llisorete
644 1172 782 1234 dubitant
803 1180 832 1232 et
854 1171 1017 1233 dubitando
1041 1173 1154 1232 tinient.
1279 1173 1291 1206 ⁹

447 1253 523 1329 tl'uld
546 1264 663 1319 tentare
685 1265 782 1324 nooat,
806 1263 907 1318 votum
929 1255 1015 1318 labor
1036 1255 1201 1336 improbus·
1214 1254 1319 1336 implet

487 1346 602 1421 disque
625 1342 692 1421 vigil
715 1359 837 1420 magnas
859 1359 950 1423 saepe
972 1343 1122 1404 ministrat
1143 1359 1224 1420 opes,

445 1427 507 1490 Neo
530 1443 613 1488 mare
636 1429 801 1499 transisset,
825 1426 950 1510 pauidus
972 1429 996 1487 si
1021 1436 1110 1489 nauta
1134 1427 1253 1498 luisset:

487 1511 618 1592 'lurgida
641 1530 710 1576 curn
733 1515 861 1594 primum
886 1513 994 1574 restitit
1015 1513 1094 1574 unda
1118 1514 1183 1574 rati.
1364 1521 1417 1572 280

445 1597 470 1661 0
492 1597 559 1661 rexi
583 1599 733 1661 interdurn
757 1597 842 1661 labor
864 1597 942 1660 altus
964 1598 1084 1676 expedit
1106 1606 1199 1670 aetus,

489 1683 616 1746 llaxlnra
639 1684 782 1762 segnities
804 1682 960 1745 commoda
983 1682 1059 1744 tollit
1081 1686 1173 1745 iners.

445 1765 716 1848 Quantumcunque
738 1778 831 1848 potes.
855 1767 945 1829 laolto
966 1785 1129 1848 properare
1152 1765 1295 1838 laborem,

488 1851 551 1913 Nea
572 1870 655 1913 mora
677 1855 779 1929 segnis
800 1869 876 1931 opus
897 1850 1015 1912 diiierat
1037 1851 1095 1911 ulla
1117 1858 1212 1912 tuum.

446 1933 578 2015 'l'ampus
601 1934 637 1996 ad
661 1935 719 1995 hoo
741 1935 892 2012 fortesque
915 1937 994 1996 viros
1016 1933 1150 2012 ildosqua
1172 1934 1298 2002 notabis.
1362 1943 1414 1993 aas

489 2017 570 2089 Quos
593 2017 691 2080 aredis
714 2024 801 2088 tutos,
826 2017 933 2095 effuge,
956 2024 1036 2079 tutus
1058 2019 1128 2079 eris.

447 2099 519 2174 Quis
542 2101 620 2164 bona
642 2103 685 2165 sio
708 2103 765 2164 nisi
790 2104 900 2166 mentis
921 2103 1009 2184 inops
1033 2101 1130 2164 oblata
1154 2102 1283 2164 reiuteti

490 2186 607 2267 Resque
631 2187 816 2269 laborlperas
838 2187 951 2268 absque
972 2186 1075 2249 labore
1098 2185 1201 2249 datast

447 2271 534 2335 Plebs
556 2272 754 2354 probation,
777 2273 933 2354 iirnmtque
955 2273 1044 2336 iidem
1067 2270 1226 2354 laudatque
1249 2270 1393 2344 laborem.

489 2358 616 2441 Ipsaque
638 2357 718 2421 alara
741 2358 850 2421 dueum
871 2360 976 2421 concio
997 2359 1125 2439 spondet
1147 2377 1246 2442 opem.
1364 2368 1416 2420 ato

447 2445 520 2523 Regi
542 2442 717 2524 Polydamas
738 2447 856 2522 signum
878 2444 1018 2514 diliamat.
1042 2454 1076 2506 ut
1097 2444 1138 2506 illi

481 2527 606 2606 Norint,
630 2547 689 2609 quo
713 2531 831 2590 veniant
852 2536 998 2608 tempore,
1021 2545 1139 2609 quoque
1162 2529 1239 2594 loco.

448 2613 630 2676 Promittant
651 2631 793 2695 proceres
815 2619 845 2673 et
864 2613 966 2694 jurant
987 2611 1192 2694 Polydamanti

490 2697 584 2761 lmnro
608 2707 715 2760 vovent
735 2696 871 2760 stabilem
895 2701 975 2777 regia
997 2698 1034 2761 ab
1057 2717 1110 2762 ore
1133 2700 1235 2762 iidem:

448 2783 518 2866 Ejus
541 2784 620 2863 quod
643 2783 744 2856 rebus,
769 2783 847 2866 quod
870 2785 981 2858 amiam,
1005 2785 1147 2866 quodque
1169 2785 1344 2868 propinquis
1365 2793 1416 2843 tto

491 2868 576 2943 Quod
599 2869 656 2933 sibi
678 2877 815 2933 servetur
837 2873 1013 2934 intemerata
1036 2871 1126 2940 fldem

447 2958 577 3017 Aeneam
600 2955 710 3027 nullus,
734 2957 883 3019 Antenora
906 2974 1006 3028 nemo,
1029 2956 1139 3019 Dolona

491 3040 585 3102 Nemo
607 3043 747 3121 contigat,
772 3059 859 3103 nemo
881 3058 991 3104 nocere
1014 3041 1098 3112 vellt;

449 3124 610 3189 incolumis
633 3135 751 3190 maneat
772 3125 870 3189 lolaus
893 3135 922 3188 et
943 3128 1040 3190 omnis
1062 3130 1093 3188 in
1116 3129 1172 3189 isto

493 3209 565 3271 Fida
588 3219 686 3273 mente
706 3207 812 3272 ‘volens
833 3211 972 3273 oonsolus
995 3229 1060 3273 esse
1084 3210 1157 3272 ioro.
1365 3221 1417 3268 ato

516 3426 574 3476 228.
594 3425 675 3478 Ovid.
693 3425 808 3477 Heroid.
826 3425 913 3486 xvn,
931 3428 981 3478 ast

622 3492 744 3544 Fallitur
761 3494 878 3558 augurio
895 3507 959 3560 apae
978 3494 1052 3545 bona
1069 3507 1151 3559 saepe
1169 3508 1228 3548 auo.

447 3559 506 3678 {31⁷⁸
526 3559 665 3680 Oumldet.
679 3561 707 3627 Ἰ,
726 3563 784 3614 set.
804 3561 867 3626 quid
886 3565 998 3613 tentare
1016 3561 1138 3612 nocebit.
1191 3562 1249 3614 228.
1270 3561 1321 3618 Ov.
1334 3563 1416 3619 Pont.

492 3631 575 3694 ‚i,l

612 3697 671 3749 Has
688 3699 812 3750 Fortuna
828 3698 880 3750 tibi
899 3702 994 3750 nostra
1010 3699 1149 3750 ministrat
1167 3714 1183 3749 o
1204 3714 1242 3751 es.

448 3766 508 3816 229.
528 3767 569 3817 80.
587 3765 724 3833 Pamphil.
743 3764 795 3829 111,
812 3769 837 3822 s.
857 3769 897 3819 10.
967 3769 1027 3820 237.
1046 3764 1138 3818 Gaalt.
1158 3715 1238 3820 Aram
1255 3767 1302 3827 IV,
1320 3770 1368 3821 stt

551 3833 619 3896 Quia
638 3834 692 3886 nisi
710 3835 809 3886 mentia
827 3835 908 3902 inope
926 3834 1051 3888 oblatum
1069 3841 1182 3903 respuat
1199 3837 1313 3888 aurumi

449 3902 507 3953 238.
527 3899 612 3954 aahol.
629 3901 752 3954 laborem
770 3907 909 3970 perantes.
978 3906 1037 3960 ati.
1055 3903 1114 3956 eod.
1133 3903 1191 3955 illo.
