3372 4788
430 771 518 828 VITA
536 770 785 828 WlLLlBIiORDI
802 770 975 828 murelos.
998 769 1066 827 Ine.
1078 770 1100 832 1.
1211 773 1249 839 17

276 926 362 994 Nam
384 927 416 993 si
439 931 573 994 naturae
595 927 749 992 densetur
770 925 817 992 sic
839 924 919 992 ebur
940 925 975 991 in
998 947 1042 1008 sa,

277 1011 396 1078 Nullus
418 1017 456 1076 ut
476 1033 606 1077 erasum
629 1011 715 1076 visus
738 1014 888 1109 penetret
909 1013 1097 1076 tenuatum:

224 1125 264 1166 uo
277 1095 377 1161 Nulla
399 1097 489 1181 quies
511 1096 629 1194 agitur,
652 1098 807 1179 strepitus
829 1116 894 1180 qno
917 1099 1028 1159 tantus
1050 1095 1199 1160 habetur.

279 1179 313 1246 si
337 1202 412 1246 vero
435 1180 564 1245 sceleris
587 1201 654 1245 non
677 1185 727 1244 est
748 1179 870 1244 infecta
892 1180 1035 1256 venenis,

279 1263 342 1330 Sed
363 1269 452 1330 caret
473 1264 633 1330 illecebris
655 1265 858 1330 mordacibus
881 1269 972 1329 eruta
994 1263 1091 1346 curis,

278 1348 322 1415 vi
343 1349 463 1416 fruitur
485 1350 626 1500 propria,
649 1349 816 1436 praesagit
836 1349 940 1414 multa
962 1349 1081 1429 lutura,

281 1435 330 1501 Ad
353 1457 464 1502 rerum
485 1440 541 1500 ten
564 1436 599 1515 it,
646 1434 708 1500 uod
731 1435 972 1501 subvolamina
994 1435 1107 1503 cernit.

226 1550 266 1591 sss
279 1520 397 1586 Obstat
416 1521 565 1586 tendenti
587 1457 690 1586 nutes
712 1521 860 1600 obducta,
882 1520 1005 1586 tuenti:

279 1605 389 1696 Naxus
411 1611 546 1672 naturae
569 1606 751 1693 caligantis,
775 1606 976 1689 tenebrosae,

280 1691 433 1758 Mortales
454 1692 587 1758 hebetat
607 1693 705 1774 risus,
729 1714 749 1756 a
771 1692 841 1757 lucc
864 1692 1017 1776 retardet,

279 1779 328 1843 Ac
349 1777 441 1862 quasi
462 1799 520 1862 per
541 1777 649 1844 valum
672 1777 816 1843 videtin
839 1777 963 1844 somnis
985 1776 1083 1843 horno
1105 1797 1228 1855 verum,

280 1863 404 1930 Cornea
424 1867 520 1949 porta
541 1866 640 1948 patet,
664 1885 777 1929 verum
799 1863 869 1930 sine
892 1862 1025 1951 tigmine
1048 1863 1158 1929 claret.

228 1980 267 2022 ιω
282 1947 401 2017 Durior
424 1953 474 2016 est
494 1949 607 2016 oculus
629 1950 745 2036 reliqui
767 1973 865 2036 quern
888 1949 1034 2037 corporis
1057 1955 1156 2033 artus,
1184 2024 1189 2033 ¹

281 2033 427 2120 (lerneus
449 2036 525 2103 huic
547 2036 636 2102 color
657 2041 717 2120 est,
740 2058 808 2102 non
829 2037 919 2124 alget
941 2037 1074 2123 trigoris
1097 2057 1220 2121 expers.

281 2121 345 2188 Sed
366 2143 481 2207 moror,
504 2123 635 2206 excessi,
658 2122 786 2208 regredi
808 2122 925 2206 placet,
949 2122 1035 2188 unde
1058 2123 1185 2189 recessi.

283 2207 369 2272 Luce
391 2207 476 2274 diem
499 2212 649 2292 quartum
671 2207 722 2273 sol
744 2209 861 2273 extulit
882 2207 1082 2290 irradiatum,

284 2291 421 2374 Alpibus
444 2292 582 2357 emensis
604 2292 713 2376 gelida
735 2293 821 2374 nive,
845 2292 966 2376 frigora
988 2292 1107 2375 pressis

230 2403 271 2444 sss
284 2374 474 2441 Romuleam
498 2375 657 2441 celebrem
683 2375 884 2440 Wilbrcrdus
907 2376 1054 2441 venitin
1076 2376 1199 2440 urbem.

284 2457 404 2524 Obsius
426 2459 487 2524 ivit
507 2459 716 2542 apostoliens,
739 2459 852 2524 mundi
874 2461 972 2524 decus
994 2463 1028 2524 et
1049 2461 1114 2542 lux,

285 2542 406 2609 Christi
428 2544 572 2629 legatum
595 2544 642 2609 sic
663 2544 807 2626 suscepit
828 2543 922 2629 quasi
944 2543 1121 2620 Christum,
1180 2550 1259 2607 teor

285 2628 446 2714 Amplexu
469 2627 562 2713 fovit,
585 2630 662 2728 quia
684 2629 817 2715 plenum
839 2632 1013 2714 pneumate
1037 2629 1139 2706 norit,
1268 2692 1271 2698 .

287 2712 472 2800 Pneurnote,
496 2714 667 2801 quadrifidi
690 2716 814 2804 regitur
837 2739 901 2802 quo
925 2716 1015 2803 regio
1037 2715 1167 2799 mnndi3

234 2831 275 2872 uo
288 2801 402 2868 Mania
424 2825 507 2888 quae
529 2803 648 2888 potuit,
671 2826 753 2889 quae
776 2803 897 2889 debuit,
920 2803 1032 2870 omnia
1053 2802 1161 2886 solvit,

288 2889 416 2956 Accivit
437 2911 565 2954 sacrum
588 2890 719 2973 clerum,
744 2912 817 2956 cum
839 2890 935 2976 plebe
957 2891 1117 2973 senatum,

289 2975 450 3043 Processit
471 2999 502 3042 m
550 2999 592 3042 na
614 2977 769 3045 comitum
783 2977 936 3062 'stipante
959 2981 1101 3061 caterva,

289 3063 449 3147 Principis
472 3062 624 3128 eccesiae
646 3061 736 3130 Petri
759 3063 949 3130 conscendit
969 3063 1005 3129 in
1027 3062 1138 3128 aedem

292 3147 502 3233 Electumque
525 3147 578 3214 dei
600 3149 713 3215 dextra
734 3149 826 3215 duxit
847 3149 972 3215 sociali.

237 3258 278 3299 sss
293 3233 404 3301 Induit
425 3234 550 3300 octenis
572 3235 774 3301 vestimentis
796 3234 959 3321 pretiosis,

289 3319 326 3386 ln
349 3321 434 3386 festo
456 3320 574 3387 celebri
597 3321 714 3406 quibus
736 3323 787 3388 est
808 3322 924 3388 solitus
947 3320 1101 3399 redimiri,

291 3407 415 3474 Ornatu
439 3406 547 3492 typico
571 3407 663 3474 tenui
684 3407 867 3475 subtemine
889 3411 990 3488 texto,

290 3493 351 3560 Est
374 3493 430 3560 ubi
453 3497 623 3560 contextus
645 3517 714 3562 rnoe
737 3493 903 3581 praesulis,
927 3494 1024 3577 actio,
1048 3515 1171 3572 sensus,

292 3581 376 3648 Sunt
398 3581 568 3663 elementa,
592 3581 695 3667 polus,
719 3582 779 3662 sol,
803 3581 927 3647 zodiaci
949 3582 1013 3666 via,
1035 3584 1174 3664 tempus,

239 3688 280 3728 sao
293 3664 344 3732 Ne
365 3666 441 3750 sibi,
463 3665 520 3732 sed
542 3667 603 3731 toti
625 3667 773 3752 genitum
795 3688 829 3732 se
852 3667 976 3751 cogitet
998 3665 1081 3747 orbi,

295 3749 422 3816 Damna
444 3751 610 3815 creaturae
632 3773 692 3816 sua
712 3751 857 3835 deputet,
879 3750 1037 3833 immolet,
1059 3752 1130 3814 oret

295 3833 370 3899 Non
392 3834 498 3899 solum
520 3856 580 3919 pro
601 3856 647 3916 se,
671 3836 726 3901 sed
749 3841 783 3900 ct
804 3835 893 3899 omni
916 3834 1116 3899 condicione.

361 3973 412 4023 sle
438 3983 550 4023 erasum
579 3968 638 4023 GT
709 3973 758 4024 457
787 3968 906 4023 babebit
932 3968 958 4023 Τ
1028 3971 1080 4022 464
1107 3981 1219 4036 pressus
1246 3963 1272 4020 Τ

295 4035 564 4165 :sszpepcppsiao-(l
634 4043 684 4095 478
702 4037 822 4110 presulis
846 4037 901 4092 GT
975 4041 1026 4093 482
1047 4035 1136 4091 NeT
1175 4033 1271 4091 condr-

352 4207 469 4250 'l’blolridl
483 4209 533 4250 rita
548 4209 647 4252 wnllbr.
663 4211 727 4250 metr.
743 4208 776 4248 ed,
793 4207 915 4257 liunberg.
1092 4200 1108 4248 2
