3372 4788
428 721 491 788 170
520 781 528 790 ‚
740 723 801 780 Lib.
820 725 869 776 vt.
905 741 931 775 r.
953 725 1095 776 tot-tsi.

427 879 537 951 Diruis,
559 878 710 950 sedidem,
733 885 832 941 mutas
853 875 997 960 quadrata
1020 877 1167 950 rotundis,

471 965 523 1028 sn
545 964 633 1027 lindie
655 963 751 1035 fletus,
774 962 853 1044 quod
877 962 930 1026 tibi
953 966 1033 1026 risus
1056 964 1132 1027 lteri.

370 1129 372 1133 ,
428 1048 543 1114 Erubui
566 1052 740 1133 gremioque
763 1048 860 1131 pudor
882 1047 990 1129 dejecit
1012 1047 1125 1112 occiios

469 1134 514 1197 'l'e
535 1135 640 1216 primis
661 1133 761 1197 verbis
783 1137 865 1215 pacis
887 1134 1017 1197 habente
1039 1145 1152 1217 tropos.

429 1221 460 1282 st
483 1221 549 1300 quis
572 1223 604 1282 in
632 1238 685 1280 ore
708 1218 782 1281 «tues
804 1217 902 1300 aliquo
925 1221 984 1281 iert
1005 1228 1140 1298 tempore
1163 1219 1281 1299 linguas

470 1304 568 1367 Altero
592 1303 725 1387 praecidi
747 1305 864 1383 forcipe
885 1301 975 1365 debet
997 1305 1034 1365 ei.

427 1389 509 1451 luter
531 1389 680 1452 veridicos
704 1405 763 1450 non
787 1387 877 1451 debet
899 1398 978 1451 etore
1001 1388 1152 1469 bilinguis,

472 1475 524 1537 Est
545 1477 613 1556 quio
637 1475 778 1538 dedecori
800 1478 924 1557 propria
947 1473 1048 1556 lingua
1070 1472 1138 1536 sibi.

429 1560 563 1644 Simplex
585 1563 765 1645 principium
788 1561 899 1643 duplici
921 1563 973 1642 qui
996 1563 1053 1626 line
1076 1559 1202 1638 relidit,⁴

472 1648 526 1711 iiic
548 1650 607 1711 erit
628 1650 751 1720 inrisus,
774 1647 842 1711 bina
864 1649 944 1731 quod
967 1667 1021 1711 ora
1043 1655 1139 1729 gerat.
1344 1719 1346 1724 ,

429 1733 503 1796 Fine
524 1734 669 1812 probatur
691 1733 789 1806 bomo.
812 1744 913 1798 careat
936 1734 1127 1798 successibus
1149 1744 1235 1815 apte;

471 1818 614 1899 Quisquis
637 1819 674 1882 ab
697 1826 804 1882 eventu
826 1820 915 1883 cordo
938 1821 1066 1883 notanda
1089 1819 1206 1901 probat.

431 1903 505 1966 Esse
528 1908 573 1966 tui
595 1905 694 1967 cordis
717 1923 773 1983 ego
795 1910 824 1965 te
847 1908 996 1968 sententio
1018 1907 1126 1975 iurem,

475 1988 533 2060 Qut
555 1986 634 2049 bona
657 1987 727 2049 dum
750 1987 881 2069 loqueris
904 2008 962 2050 non
987 1989 1063 2052 bona
1087 1988 1178 2051 corde
1200 1990 1292 2068 geris.

433 2069 551 2133 Mobilis
573 2079 603 2132 et
625 2074 705 2133 varia
727 2089 847 2152 semper
869 2081 974 2134 natura
997 2073 1154 2143 nraiorum,

474 2153 516 2216 Ex
539 2155 596 2217 lroc
619 2155 715 2218 iertur
739 2159 769 2217 iu
792 2155 860 2228 icoc,
884 2164 969 2225 torta.
994 2165 1104 2218 retorta
1128 2165 1244 2228 teneus,

431 2237 642 2302 Osceicratel
664 2240 724 2302 duo
747 2242 894 2304 coruscis
919 2242 979 2303 lers
1001 2244 1032 2303 in
1056 2240 1175 2303 eudemi

473 2322 498 2385 0
521 2325 564 2386 tel
587 2323 767 2404 redargutus
790 2342 862 2405 ergo
885 2325 994 2388 recede
1017 2324 1135 2407 procul!

431 2407 469 2470 Et
490 2411 589 2472 statim
612 2411 749 2473 Priamus
771 2428 937 2490 exsurgens
959 2411 1112 2475 iiommeus
1134 2429 1186 2474 orc

472 2493 630 2558 Succincte
653 2494 779 2576 reliquis
801 2497 943 2559 omuibus
964 2500 1019 2560 ista
1042 2499 1128 2558 serit:

431 2579 577 2640 Nolumus
600 2581 636 2640 ad
659 2599 746 2643 roccs
767 2583 926 2643 Antenoris
949 2599 1013 2643 esso
1035 2581 1141 2644 reileai

475 2663 536 2725 Pax
561 2672 591 2724 et
612 2682 681 2726 cum
704 2683 778 2746 paco
799 2667 838 2727 sit
855 2674 928 2728 ‘uota
952 2683 1059 2747 perpes
1082 2667 1121 2742 ei,

427 2746 490 2820 Qui
512 2746 623 2810 beilum
646 2752 734 2830 petiit
754 2759 871 2814 mature
894 2750 969 2812 helia
993 2750 1121 2832 reliquit,

475 2832 591 2896 ilcilum
615 2835 765 2898 consuluit
787 2844 817 2898 et
839 2836 927 2898 modo
951 2836 1026 2900 belis
1042 2838 1128 2915 lugit.

431 2917 512 2982 llaec
534 2916 606 2982 lacit
628 2930 667 2992 et,
691 2924 797 3005 positis
819 2924 849 2984 iu
872 2922 1018 2985 seditione
1039 2919 1226 3003 quibusdam.

472 3004 588 3076 Plures,
611 3024 686 3086 quos
708 3016 811 3080 tentat,
835 3012 866 3070 iu
889 3028 942 3072 sua
963 3017 1030 3071 rota
1054 3018 1147 3071 vocat.

431 3089 552 3172 Detegit
573 3091 710 3156 imbelles
731 3097 847 3158 animos
870 3096 911 3158 nli
933 3097 1051 3158 lortiter
1073 3113 1144 3156 ausa

473 3177 596 3254 Secuto,
621 3187 721 3241 uestro
746 3201 804 3244 non
829 3181 982 3244 toleranda
1005 3183 1105 3244 «lonso.

428 3263 664 3326 Contemnamus
687 3267 825 3336 eossed
850 3286 901 3328 vos
923 3275 1018 3330 estote
1041 3269 1148 3346 parati,

472 3347 613 3410 Protinus
635 3359 669 3411 ut
691 3351 813 3413 mundet
834 3369 917 3414 arma
940 3351 1037 3414 levare
1061 3349 1147 3418 tuba:

430 3430 529 3494 Portis
552 3434 642 3512 exite,
666 3439 772 3497 castris
793 3439 960 3515 irrumpite‚
984 3437 1115 3498 Graecos

474 3515 613 3588 Sternite,
636 3519 769 3582 viventes
792 3523 897 3584 mortis
919 3523 949 3582 in
972 3539 1055 3582 arma
1078 3518 1156 3580 date.

430 3599 570 3680 Suprenrl
594 3605 744 3664 mittemus
767 3607 797 3666 in
820 3605 876 3667 ires
898 3606 1071 3666 certaminis
1093 3621 1204 3673 ensem.

484 3756 515 3761 --.
525 3756 585 3763 .....
603 3757 632 3770 ...,

499 3839 557 3888 1011.
585 3838 696 3890 Horatii
724 3839 929 3907 estEp.1,l,
950 3843 1011 3906 100,
1040 3842 1086 3906 qni
1106 3835 1197 3890 Diruit
1219 3843 1274 3891 etc.
1301 3838 1396 3890 hebet.

432 3904 489 3959 108.
499 3904 585 3956 schol.
598 3905 803 3960 similitudines.
840 3910 898 3958 llo.
910 3909 969 3959 cod.
982 3915 1057 3974 epte.
1092 3907 1148 3960 tit.
1161 3921 1255 3972 margo
1269 3905 1397 3972 „pntct“.

431 3971 490 4022 its.
507 3970 570 4030 Jur.
589 3971 682 4037 fletyr.
700 3973 777 4037 xm,
795 3975 854 4026 atto.
872 3990 906 4024 m.
926 3990 950 4026 e.
969 3991 993 4031 r.
1012 3981 1057 4026 aar
1074 3975 1160 4025 fermo
1179 3988 1205 4023 n.
1222 3989 1257 4028 m.
1339 3974 1396 4026 185.

430 4051 445 4086 e
464 4039 587 4105 margine
605 4055 654 4106 pro
673 4042 775 4107 porcils.
846 4044 903 4094 ist.
921 4057 936 4091 e
955 4043 1077 4108 margine
1095 4057 1143 4107 pro
1161 4041 1343 4108 suppremui.
