3340 4788
412 631 498 700 134·
740 636 803 690 ssu.
822 637 855 688 v.
886 652 911 688 v.
932 637 1058 687 sr-icc.

410 790 464 850 His
488 790 623 851 numeris
644 807 677 851 se
700 784 863 850 dissociant
885 789 1059 868 sociantque
1083 788 1221 857 vicissim,

454 873 530 935 Sunt
553 875 583 935 in
607 874 747 944 amicitia,
771 881 842 934 sunt
864 874 984 934 inimice
1008 881 1118 934 tsmeu.

411 960 450 1022 Et
472 961 606 1036 quemvis
629 960 726 1039 spstio
748 957 868 1027 distent.
893 966 991 1020 temen
1015 959 1113 1018 omnis
1139 959 1214 1020 dum

453 1043 602 1115 Quattuor
627 1063 661 1104 er
685 1045 759 1113 istis,
783 1060 887 1105 rursus
909 1046 939 1103 iu
964 1045 1027 1122 ipss
1050 1044 1169 1104 cedunt.
1348 1054 1381 1104 ευ

413 1125 463 1190 Sic
486 1129 557 1188 iicet
579 1129 656 1204 ignis
678 1146 784 1207 squem
808 1143 927 1205 semper
948 1128 1127 1196 contrarius,
1152 1127 1260 1188 ittuntur

455 1210 559 1272 Omnis
580 1210 736 1273 sensibiles
759 1227 808 1271 res
830 1219 914 1273 creet
937 1218 1025 1287 etque
1047 1210 1139 1271 ector.

413 1296 513 1379 ditum
536 1295 653 1357 iismme
677 1297 761 1376 petit.
785 1296 906 1376 propior
929 1294 1012 1356 iocus
1034 1312 1102 1356 sere
1126 1296 1214 1374 cepit.

455 1380 604 1443 sederunt
629 1382 727 1443 medio
751 1389 830 1443 terre
853 1382 1025 1461 fretumque
1048 1378 1120 1442 ioco.

414 1465 452 1529 Se
475 1468 609 1546 graviora
634 1465 732 1529 icrunt
754 1465 915 1529 levioribus
937 1475 967 1528 et
990 1465 1099 1528 ieviotu

456 1553 578 1618 decides
604 1554 664 1636 ipm
688 1572 742 1637 per
764 1555 899 1635 graviore
922 1561 1054 1634 gravent

412 1639 514 1704 Tciius
537 1643 661 1705 rsrcseit
685 1646 715 1705 iu
739 1643 832 1723 equis.
857 1659 931 1724 uquu
955 1641 988 1704 iit
1010 1641 1083 1704 ieris
1106 1657 1168 1713 scr,

454 1733 513 1790 der
535 1747 627 1810 purus
650 1739 725 1802 eret,
747 1731 854 1811 purior
875 1729 952 1806 ignis
975 1730 1042 1790 erit.

413 1813 526 1876 Ordine
548 1832 692 1877 converso
715 1815 795 1877 redit
816 1814 894 1893 ignis
915 1816 946 1875 in
969 1831 1038 1876 sere
1062 1813 1198 1880 densum.

458 1899 566 1960 Hicin
590 1917 693 1977 eques,
715 1917 836 1961 rursum
861 1906 939 1960 terra
963 1907 1083 1960 creatur
1106 1917 1192 1979 sque.
1265 1930 1268 1936 ·
1348 1910 1382 1958 so

413 1983 454 2042 Ex
480 1981 547 2042 eiiis
570 1983 644 2044 siles
667 1991 790 2062 reperet
812 1989 918 2043 ustura
942 1985 1050 2061 tigurss

460 2065 572 2129 Cuncts
596 2085 696 2138 novas,
720 2069 838 2146 spectes
860 2084 917 2127 nec
938 2085 990 2128 sus
1014 2067 1122 2148 cecique
1145 2077 1254 2138 manet,

413 2149 475 2212 Nec
497 2152 576 2231 perit
597 2155 627 2212 in
650 2161 714 2212 toto
738 2152 910 2234 quidquem,
934 2152 1007 2212 mihi
1032 2153 1155 2222 credite,
1178 2152 1304 2221 mundo:

456 2235 514 2296 Sed
540 2234 645 2296 iscium
669 2238 761 2298 esrist
785 2246 815 2297 et
836 2244 925 2297 norst
946 2253 1012 2297 esse
1034 2254 1131 2297 suum.

414 2317 511 2390 Qttttm
534 2320 567 2382 iit
588 2338 638 2380 res
660 2319 750 2386 uliud.
775 2338 864 2402 quem
887 2320 965 2402 quod
990 2321 1044 2382 iuit
1066 2330 1145 2392 ente,
1170 2327 1292 2384 vocetur
1349 2332 1382 2379 tm

456 2402 555 2474 Nesci,
581 2404 632 2464 sed
655 2405 774 2486 quando
797 2405 908 2466 desinit
931 2423 1005 2475 csse,
1029 2407 1115 2467 meri.

414 2486 507 2548 Tutus
529 2487 578 2549 hic
601 2507 616 2548 s
641 2491 757 2550 numeri
780 2491 898 2550 ratione
919 2491 1066 2550 retexitur
1088 2491 1174 2558 orde.

457 2571 512 2632 iiic
534 2571 626 2634 veluti
649 2573 774 2654 pulchre
797 2571 923 2654 pulchre
946 2581 1042 2653 tapete
1066 2575 1183 2637 docent.

643 2737 877 2811 [suscepero
896 2739 1150 2812 suessonum]

413 2844 522 2908 itiitere
546 2865 579 2910 se
604 2846 699 2908 studis
724 2855 892 2910 monstrent
913 2847 1105 2930 septemplice
1128 2869 1210 2920 citra,

455 2932 552 2994 intret
575 2933 707 2996 donatus
729 2933 980 3015 subsequiturque
1001 2935 1095 3006 Pisto,
1334 2947 1383 2998 100

414 3017 539 3090 libetur,
563 3020 776 3092 arithmeticus,
799 3031 962 3102 geometer,
986 3024 1125 3093 musicus.
1149 3021 1239 3090 Atius,

458 3104 523 3177 Ouo
547 3115 648 3169 munet
669 3106 803 3185 attentus,
827 3125 975 3189 quemque
999 3116 1132 3171 moretur
1154 3126 1239 3190 opus.

416 3190 538 3254 Scilicet
563 3202 608 3254 est
630 3195 755 3274 cupidus
777 3193 941 3255 studiorum
965 3195 1091 3290 quisque
1115 3213 1249 3272 suorum,

457 3276 572 3337 Ponere
595 3286 736 3339 consueta
760 3285 876 3357 tempus
899 3280 930 3338 iu
953 3287 1017 3339 erte
1038 3287 1128 3357 ptest.

413 3358 466 3420 His
487 3359 687 3423 subdividitur
709 3361 859 3443 physicus,
881 3365 1056 3444 speciesque
1078 3362 1218 3426 ssiubres
1333 3362 1384 3422 tus

457 3443 511 3504 Hic
533 3454 660 3516 truncat.
683 3446 805 3508 morbos
827 3455 909 3510 sorte
932 3447 976 3509 vei
1000 3457 1065 3510 erte
1088 3449 1179 3528 iuget.

419 3595 616 3606 ——....-.

482 3680 524 3732 83.
548 3683 590 3734 st.
618 3683 741 3734 Imitstio
760 3683 841 3735 ovid.
860 3685 927 3738 Met.
947 3687 968 3749 Ι,
986 3688 1019 3738 26
1038 3702 1099 3752 sqq.
1175 3687 1216 3739 86.
1235 3687 1381 3739 cottus.

414 3749 472 3800 tot.
484 3747 549 3800 (iod.
562 3752 744 3815 crismeticus.
763 3753 843 3804 Atius
863 3769 911 3818 pro
929 3755 1113 3805 astronomico
1131 3756 1247 3820 positus.
1284 3758 1340 3807 108.
1358 3759 1383 3806 d.

413 3813 465 3869 Or.
483 3816 564 3867 Post.
584 3819 606 3880 1,
625 3820 650 3882 s,
670 3820 711 3872 st.
728 3821 769 3874 36.

516 3884 635 3935 Scilicet
652 3891 694 3936 est
713 3886 828 3951 cupidus
847 3887 1000 3939 studiorum
1019 3890 1135 3953 quisque
1154 3904 1263 3940 suorum

551 3953 673 4018 'l'empus
692 3955 720 4002 et
738 3953 856 4006 seisuets
873 3971 975 4022 ponere
994 3957 1021 4005 in
1041 3962 1101 4006 urte
1117 3955 1208 4020 juvst.
