3368 4792
578 741 639 792 Lib.
657 741 693 793 11.
729 757 755 792 ν.
773 743 917 794 ott-ott.

310 895 352 958 lle
374 896 477 978 clypeo
501 894 604 958 labens
627 899 659 957 in
682 903 751 960 rute
773 896 879 959 vulnus
901 899 970 974 agit.

268 981 379 1042 lleetor
402 985 431 1042 in
455 980 573 1059 bjacnrn
597 979 722 1041 collecte
746 981 854 1042 robore
876 983 1019 1060 grandem

312 1067 496 1126 Transmittit
518 1064 645 1144 lapidem
669 1074 808 1126 sternere
830 1067 908 1125 nrole
931 1066 1048 1126 ductam.

265 1151 303 1210 bt
324 1151 407 1210 lorus
430 1151 583 1228 excipiens
606 1148 711 1228 clypeo
734 1150 928 1228 septemplice
950 1167 1054 1210 saxum

307 1232 446 1294 Hectoris
468 1236 498 1294 in
522 1249 631 1314 cerpus
653 1233 766 1310 grande
789 1235 916 1295 remittit
938 1251 1023 1294 onus.

264 1319 432 1380 boeurrnnt
455 1320 581 1397 iterum3
604 1318 704 1379 rideas
726 1320 844 1396 insigne
866 1314 1014 1388 risnellum:

308 1404 441 1467 Densant
462 1404 623 1465 alterutras
645 1403 841 1485 perentiendo
865 1407 955 1466 vires.

267 1490 414 1568 Coeperat
436 1492 596 1570 igniferum
619 1490 706 1552 Titan
729 1490 910 1569 immergere
933 1507 1056 1552 curstrm

308 1575 464 1639 Flentibus
486 1578 654 1657 aequoreis,
679 1594 798 1656 noxque
821 1575 924 1638 subire
947 1574 1063 1655 polum:

266 1660 324 1733 Oui
347 1663 528 1724 dirimente
551 1661 644 1724 caede
666 1661 744 1722 viros
766 1663 924 1723 mittuntur
947 1663 1100 1741 utrlnque,

309 1745 375 1808 Non
398 1755 497 1808 tamen
520 1747 549 1807 bi
572 1745 688 1826 gladios
709 1747 831 1824 segnius
853 1748 897 1807 ire
919 1747 1031 1806 sinunt.

265 1831 318 1892 llio
340 1841 372 1892 tu
394 1851 471 1913 qnae
493 1834 598 1910 patria.
622 1834 669 1892 vir
691 1841 822 1897 strenue.
845 1831 956 1912 quique
977 1835 1118 1910 parentes

307 1917 389 1988 Quae
411 1925 461 1980 tua
484 1917 635 1996 nobilitas,
657 1935 733 1998 quae
757 1915 883 1979 detonsi
922 1916 1033 1978 lleeter
1055 1916 1104 1976 ait.

267 2002 320 2065 Est
341 2003 493 2083 praeclara
517 2003 631 2072 donnus.
654 2005 753 2083 inquit
774 2001 967 2064 Telamonius
990 2001 1090 2070 beros,

308 2087 412 2151 lnelita
435 2088 583 2159 nobtttus,
606 2089 700 2169 stirps
721 2106 865 2167 generosa
890 2087 974 2150 nribi.

269 2174 363 2236 Filius
384 2173 540 2256 lleeqonae
562 2192 639 2244 eum,
662 2191 738 2254 quae
760 2173 797 2234 de
819 2175 955 2252 germine
980 2171 1060 2234 venit

308 2257 539 2330 Laomedonue,
563 2259 621 2320 utta
645 2260 729 2321 euius
750 2264 823 2320 erat.

263 2342 458 2414 Absistemus.
481 2346 533 2414 alt,
555 2346 679 2422 sanguis
700 2343 868 2404 communis
890 2344 1022 2421 utrique,

307 2429 373 2490 llox
397 2431 622 2506 consanguinee
644 2431 740 2507 paruit
762 2435 889 2507 uterque
912 2447 981 2494 suo:

262 2512 502 2595 Muneribusque
525 2515 600 2576 elatis
623 2513 701 2574 nodo
724 2522 883 2574 nectuntur
905 2513 1017 2573 amoris

307 2600 345 2662 Et
365 2607 443 2661 vetat
465 2599 595 2662 oreurlas
618 2597 728 2661 lleetor
750 2597 787 2660 ab
810 2599 878 2678 igne
901 2603 991 2659 rates.

333 2926 426 2990 Ensis,
443 2930 471 2976 et
489 2925 589 2990 exigno
607 2923 744 2974 cervicem
762 2920 877 2974 vulnere
896 2921 975 2974 libet.

334 2995 433 3047 nerim
451 2994 596 3045 adversum
615 3007 709 3043 rursus
727 2991 871 3056 consurgit
886 2991 916 3039 in
933 2989 1040 3041 hostem

335 3062 498 3124 Primltles,
517 3075 566 3110 neo
580 3057 636 3122 jem
656 3061 730 3110 ferre
747 3056 898 3109 Telamone
918 3061 1041 3108 ereetum

335 3129 390 3180 Sed
410 3143 510 3194 meque
528 3129 590 3178 sext
604 3125 686 3192 jectu
705 3127 791 3191 pettt3
809 3129 838 3177 nt
856 3124 931 3176 ierus
948 3123 1021 3188 tjax

333 3198 478 3263 Ingentem
497 3195 593 3262 clypeo
611 3193 791 3261 septemplice
809 3191 916 3259 depulit
933 3194 1029 3256 istem,
1117 3239 1138 3264 Μ

336 3266 374 3316 Et
388 3265 519 3329 juvenem
538 3277 606 3316 sexo
625 3277 783 3328 percussum
803 3262 903 3312 sternit
920 3260 1025 3312 eodem.
1126 3261 1130 3271 ”

334 3336 419 3398 Quem
437 3332 513 3385 levet
529 3339 673 3397 exceptum
692 3328 784 3396 Grejls
801 3329 928 3381 inimieus
947 3328 1046 3395 Apollo

334 3401 512 3468 Integretque
530 3401 659 3462 animum,
674 3397 733 3463 jem
752 3413 847 3449 rursur
864 3396 900 3447 su
919 3412 997 3448 erma
1014 3399 1138 3463 coibant,

335 3470 570 3536 Strirrgebentque
590 3469 686 3518 iterum
704 3465 821 3532 qlerlios,
842 3473 893 3517 ete.

267 3558 395 3611 eet-eo.
424 3558 496 3608 Toto
517 3556 579 3607 loeo
602 3555 724 3605 imitatus
742 3557 786 3604 est
803 3551 931 3604 Albertus
951 3551 1099 3620 Epitomen
1117 3553 1167 3605 ned
1184 3553 1235 3605 bes

266 3641 364 3678 remus
380 3640 468 3692 poene
485 3625 654 3676 verbotenus
672 3622 818 3673 desomsit:

336 3711 474 3778 coeperet
490 3709 626 3776 igniferos
644 3709 728 3760 Titan
747 3708 907 3771 immergere
926 3723 1030 3770 eurrur,

335 3779 450 3844 Noxque
468 3778 561 3831 subire
580 3775 685 3844 polum:
702 3774 785 3839 juxto
804 3773 958 3838 mittuntur,
976 3781 1107 3842 utrosque

336 3846 391 3910 Qui
408 3846 574 3896 dirimente
591 3844 677 3894 eserie
694 3842 778 3904 viros,
797 3857 850 3892 neo
867 3843 979 3908 segnius
996 3842 1040 3892 illi

338 3909 487 3979 Deponunt
504 3912 611 3963 enimes
627 3919 680 3966 ete.
716 3909 787 3960 Sunt
804 3909 843 3959 ibi
861 3910 920 3966 618.
941 3912 980 3961 te.
998 3913 1041 3962 20.
1059 3913 1101 3962 et.

267 4001 326 4055 641.
345 3999 412 4052 Coti.
432 3997 525 4065 strips.
594 4000 652 4055 643,
672 3995 738 4052 cod.
759 3993 952 4052 laomedonteo.
1022 3997 1083 4048 bil.
1110 3994 1236 4065 deprom-

269 4075 313 4122 tue
332 4084 366 4121 ex
382 4068 490 4136 epitom.
508 4071 568 4124 629.
