3368 4792
411 649 451 716 15
737 648 800 699 nso.
817 649 838 700 1.
868 664 893 699 v.
913 651 1054 700 ree—ree.

410 807 444 870 ln
468 803 591 888 speculo
614 806 723 867 mentis
744 812 859 882 raptam
883 803 962 866 violet
983 804 1034 867 ille
1057 821 1192 866 sororem

452 893 491 955 Et
513 895 639 955 fratrum
662 890 777 971 pariter
799 889 1012 971 interitumque
1035 893 1140 970 patris.

411 977 529 1057 Colligit
550 981 697 1040 introrsus
719 995 769 1038 ros
790 985 901 1057 raptas,
926 978 1042 1038 moenia
1065 979 1169 1047 tracta,
1331 985 1378 1034 155

454 1066 553 1144 Seque
576 1062 712 1123 dolorosa
735 1064 914 1125 sustinuisse
938 1061 1059 1141 probra.

411 1149 587 1229 Opportuna
610 1157 711 1208 tanreu
734 1165 786 1207 rex
810 1157 914 1208 nactus
938 1158 1086 1226 tempora:
1110 1164 1257 1228 ,‚pcusa‚·

454 1230 513 1305 nh,
537 1234 586 1301 ait,
610 1234 758 1302 Antenor:
783 1249 859 1310 (puae
882 1230 936 1294 tibi
959 1231 1048 1294 verba
1072 1229 1192 1312 loquor:

411 1318 529 1401 Optime
552 1320 596 1379 vir
619 1319 711 1388 nosti:
735 1335 820 1398 qrrae,
845 1327 952 1396 quauta
976 1317 1122 1378 calumnia
1145 1316 1232 1379 nobis

453 1403 526 1466 Lata
549 1404 586 1464 sit
608 1422 623 1464 a
647 1402 779 1464 Graecis.
825 1401 997 1464 intumuere
1022 1405 1119 1472 minis,
1330 1410 1379 1460 160

412 1490 479 1554 Non
502 1489 620 1552 sulleclt
643 1489 696 1558 cis,
720 1496 840 1550 nostros
863 1490 1011 1568 attingere
1034 1491 1109 1551 llrrrs

455 1577 559 1656 llagna
584 1595 651 1638 eum
675 1574 792 1656 populis
815 1575 993 1658 applicuisse
1016 1584 1089 1638 rate.

413 1662 494 1734 liixi;
519 1680 586 1723 cum
610 1661 728 1743 populis
751 1661 892 1724 deberem
915 1663 1016 1724 dicere
1039 1663 1167 1744 pompis,

454 1750 559 1828 llagna
581 1748 747 1810 debueram
770 1748 872 1810 dicere
896 1752 1093 1828 magnanima.

412 1834 547 1917 lienique
569 1837 760 1913 magnanimo
785 1835 947 1912 calcarunt,
972 1839 1063 1898 immo
1085 1832 1216 1916 superbo

455 1921 523 1982 blox
546 1928 580 1981 nt
601 1938 722 1991 venere,
745 1919 832 1982 litora
855 1928 955 1983 nostra
979 1921 1069 2000 pode;

414 2006 541 2085 lnsupcr
563 2004 707 2068 insultum
731 2004 831 2068 iecere
854 2009 1010 2069 minaciter
1033 2005 1116 2088 nrbi;

456 2090 652 2153 inconsuetus
675 2099 739 2153 erat
760 2092 828 2152 talla
852 2091 963 2172 probra
987 2094 1057 2172 pati.

414 2176 451 2238 Et
474 2193 511 2237 ne
534 2183 678 2255 concepta
701 2175 780 2257 quod
804 2175 842 2237 ab
865 2179 1016 2257 impietate
1040 2176 1167 2246 deesset,

457 2261 582 2323 Ferrum
606 2263 792 2323 strinxerunt
815 2264 844 2322 in
869 2264 963 2344 patris
985 2280 1037 2323 ora
1061 2265 1131 2324 oret.

413 2347 551 2409 llortuus
575 2355 627 2417 cst,
652 2357 681 2408 ot
703 2355 774 2407 tuno
796 2348 826 2408 in
851 2351 969 2409 moenia
992 2354 1092 2410 nostra
1115 2355 1240 2410 ruentes

457 2435 651 2493 Innumeram
675 2431 816 2510 praedam
839 2451 898 2494 non
921 2435 986 2494 stne
1009 2432 1100 2495 caede
1122 2440 1253 2512 patrant,

415 2516 599 2595 Captivamlo
622 2533 719 2575 meam
743 2533 844 2576 secum
867 2515 979 2576 duxero
1001 2534 1146 2584 sororem.

457 2600 534 2660 'lum
557 2616 647 2679 qurum
671 2617 704 2660 se
726 2601 840 2678 patriae
861 2602 1020 2662 restituere
1042 2618 1122 2665 suae.

414 2683 506 2745 lrasoi
531 2685 637 2744 merito
659 2682 802 2745 deberem
826 2683 944 2754 talibus,
967 2685 1057 2746 immo

459 2766 568 2840 Debeo,
592 2769 737 2830 conticuit
758 2776 859 2830 nostra
883 2767 1004 2848 querela
1028 2768 1089 2830 diu.

416 2854 550 2916 Ulciscor
573 2872 651 2924 vcro,
675 2853 728 2914 sed
751 2853 941 2916 dissimulare
963 2854 1070 2916 valebo

458 2939 574 3010 Cetera,
598 2941 623 3001 si
646 2938 708 3002 sola
731 2939 902 3003 conditione
923 2942 1023 3003 iruar:

415 3024 569 3088 lieddatur
591 3028 704 3107 captiva
728 3045 823 3098 soror,
846 3030 907 3090 siut
928 3027 1020 3090 altera
1043 3027 1140 3108 pacis:

460 3113 492 3174 Si
515 3114 625 3182 minus,
648 3112 774 3175 bostilcs
796 3118 934 3191 protinus
956 3115 1031 3176 adde
1054 3115 1159 3176 minas.

415 3199 564 3259 Antenor!
587 3204 636 3258 tua
660 3197 732 3259 dicit
752 3197 907 3269 idoneitas,
933 3200 1010 3276 quod
1035 3199 1167 3260 adletas

459 3282 611 3360 Suscipias
633 3299 751 3361 operas,
775 3301 847 3360 ergo
870 3293 991 3362 paratus
1014 3291 1097 3344 eas‘·

309 3433 318 3444 ,
415 3367 549 3429 Antenor
571 3365 704 3446 parendo
727 3376 814 3448 piarat
835 3369 1038 3429 conscendere
1061 3385 1175 3437 navem,

460 3451 620 3512 Velllleaos
642 3450 789 3513 Graecum
812 3455 938 3530 contigit.
959 3451 1008 3513 ille
1031 3451 1138 3514 solnm.

416 3535 521 3614 Pergit
542 3534 733 3614 Magnesiam,
758 3536 939 3619 l'cleumque
962 3536 1078 3608 salutat,
1102 3537 1142 3598 ibi
1166 3546 1228 3598 tres

460 3621 584 3683 llortatu
608 3619 687 3682 Pelei
710 3625 910 3686 continuando
933 3624 1008 3687 dies.

416 3707 540 3769 lncboat
562 3708 694 3769 Antenor
716 3727 833 3770 oausam
857 3713 986 3771 recitare
1008 3707 1120 3770 laboris

460 3793 497 3854 lit
519 3792 599 3874 quod
617 3791 662 3853 oo
685 3793 851 3874 llesyouem
875 3798 989 3875 ceperit
1012 3797 1074 3875 ipsa
1098 3799 1184 3856 riam.

487 3978 544 4028 loe.
562 3975 675 4043 Margo:
694 3978 800 4029 insons.
819 3995 919 4046 nempe
937 3984 1025 4046 peter.
