3426 4786
436 714 523 770 VITA
543 713 789 772 wlutlsnoum
807 715 982 774 Mnemon.
1011 718 1077 777 uls.
1091 718 1127 775 11.
1227 721 1271 789 23

297 866 373 935 Non
394 868 541 954 pedicam
563 869 657 950 cavit,
680 891 778 970 quem
792 871 886 937 ‘vitae
908 871 1028 957 praedo
1052 875 1188 959 pererit,
1322 955 1323 958 Ἴ

297 953 358 1020 Sed
380 958 490 1022 temen
512 957 625 1038 evasit,
648 976 725 1040 quie
747 957 869 1022 crimen
892 959 1051 1045 sanguine
1074 960 1172 1025 levit:

299 1037 359 1105 nae
381 1039 572 1106 emundatus
594 1041 641 1106 sic
663 1041 833 1107 coelitibus
855 1043 1007 1126 sociatus,

297 1124 416 1190 Abieta
437 1147 523 1191 noxe
544 1146 611 1190 non
634 1128 684 1191 est
705 1125 815 1191 ablate
837 1148 965 1193 corone.

245 1225 283 1268 ne
296 1209 380 1274 Nem
402 1209 450 1274 nil
473 1209 629 1275 iudicium
650 1209 796 1275 divinum
817 1210 939 1296 linquit
958 1211 1113 1296 inultum,

297 1293 357 1360 nse
377 1294 431 1359 hic
453 1297 512 1361 sut
532 1294 610 1360 alibi
632 1293 750 1361 delicte
771 1317 902 1362 necesse
924 1295 1018 1382 pieri,

298 1379 434 1446 Virtutis
455 1380 596 1466 pretium
619 1383 728 1446 temen
750 1381 857 1447 estin
879 1382 1010 1448 cordine
1032 1387 1144 1452 fixum.

296 1464 360 1530 Lex
383 1469 433 1531 est
454 1487 512 1550 per
534 1465 669 1550 Moysen
692 1467 768 1532 dete
800 1467 922 1532 credite
943 1469 1209 1552 mysteriarchen,

295 1547 359 1616 Sed
387 1551 540 1636 quonism
568 1572 715 1616 moerens
736 1516 860 1617 siiiccm
880 1553 1041 1636 percussit
1062 1557 1096 1618 ct
1118 1554 1266 1634 haerens,

243 1655 282 1696 no
296 1633 334 1699 In
355 1634 448 1701 Nebo
470 1636 617 1718 moritur,
641 1641 755 1702 contre
776 1635 910 1723 Phogor
930 1637 1096 1722 sepelitur.

294 1718 417 1786 Sinon
440 1724 490 1785 est
511 1719 615 1804 Moysi
638 1742 779 1806 parsum,
801 1742 867 1787 nou
891 1724 1036 1807 parcitur
1058 1723 1124 1788 ulli.

293 1803 391 1871 Vetes
415 1805 574 1872 veridicus
598 1805 713 1873 Bethel
736 1811 786 1874 est
806 1806 846 1872 ed
869 1805 1003 1874 delubra
1025 1809 1152 1890 missus,

293 1892 456 1960 Scinditur
476 1915 542 1980 eru,
561 1893 643 1961 cinis
665 1893 760 1981 perit,
781 1897 852 1961 eret
871 1893 1003 1962 dexteru
1024 1894 1123 1984 regis,
1186 1903 1205 1961 f.
1217 1909 1266 1961 oe*

293 1979 520 2066 [testuurstur3
543 1981 621 2068 abit,
644 1981 700 2048 sed
723 1981 892 2068 decipitur,
916 1982 1010 2068 redit,
1034 1984 1109 2063 edit,

243 2087 279 2128 oc
294 2065 484 2133 Mandatum
506 2068 623 2154 fregit3
646 2072 721 2135 trux
743 2067 831 2136 hunc
854 2069 904 2136 leo
928 2069 1024 2136 dente
1045 2072 1191 2156 peremit,

293 2151 369 2220 Non
391 2154 520 2220 asinum
542 2157 660 2242 tetigit,
684 2155 784 2238 stetit,
808 2156 889 2221 hent
910 2154 949 2221 de
972 2177 1069 2222 cerne
1088 2158 1239 2242 comedit,
1289 2217 1304 2244 ,

293 2237 355 2304 Sed
399 2239 470 2305 nesi
492 2243 680 2307 commissos
702 2245 791 2306 crtus
815 2241 957 2307 custodit
978 2241 1170 2311 humandos.

292 2321 346 2390 Sic
377 2261 502 2409 dequo
525 2327 637 2410 cecini,
661 2328 801 2392 donetur
822 2325 945 2393 honore
967 2327 1135 2412 triumphi.

292 2374 355 2472 Sed
375 2430 433 2472 rex
456 2410 550 2474 unius
573 2411 689 2475 sortite
709 2415 815 2476 morte
837 2413 960 2493 potitus

240 2510 278 2550 no
291 2490 504 2577 Expugnasse
527 2498 621 2577 putet
642 2499 741 2578 ceput
762 2516 801 2559 nc
823 2517 858 2558 se
879 2494 1112 2579 praeveluisse;

292 2575 442 2642 Accitum
465 2579 570 2644 verbis
593 2583 734 2664 temptat
754 2584 875 2644 terrere
898 2581 1030 2663 severis,

293 2660 431 2727 Defessi
455 2664 546 2730 verris
569 2664 765 2750 expostulet,
789 2665 899 2751 arguit
920 2665 994 2749 cris,

291 2745 332 2813 Se
355 2749 501 2834 queritur
523 2756 667 2835 spretum
690 2752 881 2836 decretaque
903 2749 1033 2836 prodite
1058 2749 1177 2836 legum.

291 2832 368 2899 Non
390 2834 570 2901 deterretur
591 2837 730 2922 praesul,
753 2859 821 2903 non
843 2839 952 2901 mente
974 2838 1134 2920 movetur,

240 2937 279 2979 us
292 2918 354 2986 Sed
376 2922 581 3007 serpentinae
604 2923 727 3009 perfert
747 2945 818 3009 pus,
842 2921 938 2988 sibile
959 2921 1107 3008 linguc03

293 3004 381 3081 Ques
403 3006 512 3073 decuit
533 3030 653 3094 regem,
676 3030 759 3093 quse
781 3031 825 3088 se,
847 3007 954 3074 reddit
974 3009 1151 3073 rationem:

292 3089 379 3156 ‘Non
401 3093 485 3158 irem
506 3095 620 3172 merui,
642 3115 710 3159 non
732 3097 777 3177 te,
800 3115 856 3158 rex
878 3093 1000 3176 inclite,
1023 3092 1110 3158 laesi.

289 3174 335 3241 Es
356 3178 496 3264 sopiens,
518 3200 587 3244 non
609 3178 659 3243 ire
681 3177 778 3259 cedit,
801 3179 872 3258 scis,
896 3179 931 3243 in
953 3176 1149 3263 sapientem·

291 3263 387 3348 Audi,
410 3285 493 3349 queo
515 3287 574 3349 per
595 3286 646 3329 me
669 3264 815 3350 loquitur
836 3261 987 3329 dominus
1009 3262 1088 3360 depe
1110 3225 1151 3327 ed
1174 3264 1215 3328 te.

239 3367 278 3412 150
291 3347 351 3415 Est
372 3370 454 3436 opus
477 3351 608 3417 artificis
632 3349 719 3436 deus,
743 3352 777 3418 in
800 3370 864 3436 quo
887 3371 979 3435 spem
1000 3347 1061 3414 tibi
1083 3348 1167 3434 figis,

291 3434 367 3502 Non
389 3437 468 3502 deus
490 3440 540 3503 est
561 3442 646 3522 tuus,
670 3437 835 3521 estnihil,
859 3458 893 3502 es
916 3435 1023 3522 potins
1048 3434 1125 3500 deus
1148 3434 1228 3518 eius,

291 3521 367 3587 Non
389 3522 545 3590 formavit
566 3530 609 3608 te,
631 3525 687 3590 sed
710 3524 888 3591 formatum
912 3522 992 3588 eolis
1016 3545 1035 3587 a
1058 3527 1102 3602 te,

360 3695 407 3766 12⁴1
425 3712 515 3792 predo
535 3713 593 3768 GT
671 3719 719 3768 123
738 3711 915 3767 celitibusT
993 3716 1041 3765 127
1059 3710 1189 3780 precium
1208 3709 1268 3765 GT

291 3784 340 3835 ¹²⁹
355 3781 668 3918 emittent
686 3797 852 3905 titii?
870 3778 1075 3902 benetia
1124 3777 1264 3901 iiiiii

289 3863 341 3968 ἦρι
361 3920 410 3970 137
423 3916 596 3986 commissos]
611 3917 749 3972 missosT
770 3984 776 3996 ι
799 3922 848 3971 140
860 3915 1070 4008 ExpupncreT
1117 3919 1164 3967 142
1176 3913 1265 3996 phuni

291 3983 350 4038 GT
406 3989 454 4040 144
472 3985 568 4056 presul
588 3985 647 4042 OT
703 3992 749 4040 1⁴7
769 3984 875 4053 inclyte
895 3984 945 4040 (ri
982 3981 1079 4038 lesrf
1134 3987 1182 4037 148
1200 3983 1263 4054 scre}

290 4053 348 4108 scio
369 4053 395 4107 Τ
464 4060 512 4110 lon
531 4055 728 4112 formetcmT
