3426 4786
451 763 540 821 VITA
558 762 810 822 wmmssuouul
829 718 1001 822 mutulos.
1028 762 1096 825 ulfi.
1109 765 1145 822 11.
1245 765 1289 834 25

264 940 303 981 rsa
317 920 390 986 Irae
411 920 521 1003 frena,
543 919 676 984 modum
698 919 826 1004 statuit,
850 921 900 986 ius
923 921 1050 987 censuit
1072 942 1225 1007 aequum,

317 1005 431 1072 Noluit
451 1007 614 1071 insontem
638 1027 832 1091 quemquam
855 1007 926 1072 sinc
948 1006 1021 1094 lege
1044 1006 1165 1092 perire,

316 1091 391 1157 Non
413 1092 599 1157 accusatum
622 1089 718 1156 laesit
738 1092 802 1156 nisi
825 1095 912 1157 sorte
934 1096 1096 1158 notatum.

316 1175 344 1242 Ο
367 1175 533 1241 olibanum
555 1175 674 1240 mentis
697 1179 839 1262 quantus
861 1176 1073 1243 succenderat
1093 1177 1197 1264 ignis,

316 1261 403 1326 Dum
425 1281 459 1326 se
482 1261 663 1346 contemni,
686 1281 745 1325 sus
766 1261 849 1328 vidit
871 1283 962 1327 sacra
983 1261 1102 1326 refellit
1211 1269 1230 1325 1.
1241 1274 1289 1325 ‘lo'

264 1364 303 1404 ¹⁹⁰
316 1345 391 1414 Non
412 1346 448 1411 in
470 1344 647 1410 Trinacriis
669 1345 925 1432 mugisaestuet
947 1346 1055 1412 Actus
1076 1346 1226 1431 caminis,

318 1431 400 1499 (lum
420 1431 541 1497 nubem
563 1431 647 1516 picei
669 1433 853 1517 prorumpit
874 1434 907 1497 in
932 1431 1065 1498 aethera
1086 1433 1169 1498 fumi

289 1517 515 1602 ’Eructatque
538 1517 652 1602 globos
675 1518 824 1582 flammae
846 1517 1057 1602 scopulosque
1079 1518 1243 1603 revulsos,

319 1601 451 1667 Viscera
473 1601 593 1666 montis
614 1601 685 1687 agit
706 1602 766 1667 sub
788 1600 921 1688 dirum,
942 1602 1049 1668 sidere
1071 1602 1194 1668 lambit.

318 1686 380 1753 Sed
403 1708 438 1751 se
460 1686 633 1751 devincens
655 1686 794 1751 extinxit
815 1689 955 1772 pectoris
977 1687 1080 1774 ignes.

267 1788 304 1828 ¹⁹⁵
318 1774 363 1836 At
384 1772 486 1836 nostri
509 1791 658 1855 proceres
681 1778 843 1837 commota
865 1772 929 1838 bile
950 1776 1114 1837 tumentes

316 1855 420 1924 Extra
441 1879 475 1922 re
497 1855 633 1935 saliunt,
655 1856 789 1942 propria
810 1878 879 1923 nou
902 1856 986 1942 pelle
1008 1858 1194 1957 quiescunt!

317 1941 392 2009 Non
414 1941 568 2009 cohibent
589 1943 689 2009 frenis
711 1943 856 2010 animum
879 1944 1060 2031 religantve
1084 1945 1223 2027 catenis,

320 2029 397 2096 Non
419 2030 532 2097 modus
555 2029 709 2117 estisne,
731 2052 799 2097 non
822 2033 872 2097 est
893 2030 1007 2097 dilatio
1030 2051 1173 2116 poenae,
1206 2091 1211 2103 ,

320 2113 509 2183 Scintillant
531 2115 633 2196 oculi,
656 2121 734 2183 sunt
756 2117 941 2205 sanguinei,
964 2118 1157 2197 truculenti,

267 2224 307 2264 soc
320 2201 464 2290 Ignescit
485 2203 611 2286 vultus,
633 2202 765 2289 linguae
788 2225 822 2269 se
843 2203 1015 2289 praepedit
1037 2226 1129 2285 usus,

320 2289 487 2354 Amittunt
507 2310 654 2370 sensum,
677 2310 744 2354 non
767 2290 901 2355 suntin
947 2292 1054 2354 actore
1076 2309 1200 2356 secum:

319 2373 455 2438 Insanos
477 2374 623 2439 homines
645 2374 780 2438 insanus
802 2376 888 2440 iuret
939 2377 1050 2441 restes.

318 2457 380 2524 Sed
404 2458 481 2542 quid
503 2462 598 2524 necto
621 2479 727 2523 moras
750 2459 932 2524 sulcaturus
957 2460 1056 2524 maris
1078 2457 1215 2524 undas?

318 2542 462 2626 Explosa
484 2543 572 2608 rabie
594 2541 747 2608 Rabodus
770 2543 907 2630 bilisque
930 2547 1057 2610 tumore

267 2648 306 2689 sos
320 2627 463 2694 Mutavit
483 2631 626 2694 mentem
650 2633 764 2694 contra
786 2629 835 2695 fas
858 2633 934 2695 unte
960 2629 1137 2714 furentem,

321 2713 473 2781 Converti
495 2715 615 2800 voluit,
639 2737 698 2780 ceu
720 2716 827 2800 prisca
847 2716 962 2782 relatio
986 2716 1112 2802 prodit3

321 2799 388 2867 Sub
411 2801 486 2867 fidei
508 2802 615 2886 specie
639 2800 800 2886 baptisma
822 2801 927 2867 sitivit
948 2802 1046 2882 inire,

321 2885 458 2951 Plantas
479 2885 630 2964 immisit,
655 2887 711 2950 sed
734 2886 874 2953 deterior
895 2886 1033 2952 resilivit

323 2968 397 3037 Sive
419 2974 508 3037 metu
530 2971 638 3057 gentis
660 2973 783 3053 motus,
806 2992 861 3037 seu
885 2972 1019 3037 crimine
1040 2971 1171 3035 mentis.

270 3076 310 3116 210
322 3055 400 3121 Non
422 3057 542 3122 meruit
562 3056 645 3121 turri
666 3056 749 3141 lepis
771 3057 919 3122 Ananeel
943 3056 1096 3143 copulari,

322 3140 469 3207 Excessit
490 3162 637 3206 normam
661 3162 831 3207 mensurae
853 3141 939 3207 filius
961 3143 1037 3208 irae.

324 3224 387 3293 Sed
411 3227 487 3292 licet
508 3225 708 3308 abstractus,
730 3227 808 3293 licet
830 3231 915 3294 esset
937 3229 1085 3313 apostata
1107 3224 1228 3304 factus,

323 3312 484 3398 Legatum
508 3313 600 3379 verbi
621 3312 699 3378 sivit
720 3311 780 3378 sub
802 3313 925 3379 honore
947 3313 1076 3378 reverti.

367 3398 459 3466 Xlll.
492 3399 584 3466 Exiit
604 3399 740 3464 antistes
769 3402 802 3466 et
823 3399 955 3467 transiit
983 3399 1023 3464 ad
1048 3396 1300 3464 Walichrenses.

273 3507 313 3548 21⁵
327 3485 388 3552 Eat
410 3488 491 3552 haec
513 3487 610 3553 effers
632 3507 727 3574 gens,
750 3508 817 3552 nou
840 3487 911 3552 iura
933 3507 1047 3552 verens
1069 3505 1176 3571 neque
1198 3483 1298 3569 leges,
1344 3521 1350 3532 ·

324 3571 399 3640 Non
422 3577 552 3640 assueta
573 3573 667 3661 iugo,
689 3594 756 3638 non
779 3573 931 3659 imperio,
953 3573 1024 3639 sine
1048 3573 1157 3654 freno,

325 3658 469 3726 Cervicis
491 3660 608 3743 durae,
631 3659 796 3725 motabilis
818 3664 854 3725 ut
876 3659 976 3725 meris
998 3659 1118 3739 undae,
1219 3663 1239 3718 f.
1255 3667 1300 3717 71Γ

394 3836 442 3886 188
461 3829 611 3899 clybanum
626 3827 685 3882 GT
732 3834 779 3883 189
798 3828 1034 3898 contempniGT
1080 3833 1129 3881 190
1147 3823 1299 3879 Aethnat}

324 3897 418 3953 Ethna
436 3898 462 3952 Τ
525 3903 573 3952 193
592 3896 695 3965 sydera
714 3897 773 3951 G'l'
836 3903 885 3952 195
903 3900 1045 3951 commoto
1065 3895 1090 3949 Τ
1106 3892 1249 3947 commota
1266 3906 1309 3946 erc

327 3968 467 4021 commoto
485 3965 602 4026 corut}
668 3969 716 4019 198
734 3965 873 4034 penaeG
939 3970 987 4019 199
1006 3959 1188 4042 sanguinet*
1249 3965 1311 4014 202:

328 4034 460 4092 llorastes
479 4034 537 4091 GT
621 4033 849 4090 206reluri01'
933 4039 983 4089 208
1004 4029 1164 4087 inmrartG
1250 4033 1302 4086 110

326 4105 473 4161 Ananchel
493 4104 551 4161 01¹
630 4109 680 4159 212
699 4120 760 4159 esse
780 4105 805 4159 Τ
884 4108 934 4159 214
952 4099 1056 4157 transit
1073 4099 1099 4156 T
