3340 4788
560 747 623 800 Lib.
642 747 694 805 111.
729 763 755 800 ν.
773 749 918 805 saa-sit.
1185 749 1227 818 99

252 917 313 981 Nos
335 936 408 998 ergo
430 919 601 982 studeamus
622 918 660 981 aal
683 919 741 981 hoo
764 928 796 982 ut
818 918 895 982 belia
918 921 1061 993 residant.

294 1003 464 1080 Pugnautes
486 1005 622 1074 redeunt,
646 1003 764 1066 domata
787 1013 873 1083 grata
896 1015 1013 1085 peiaol:
1235 1033 1240 1049 ·

252 1083 401 1168 Quidquid
425 1086 554 1150 delirant
576 1105 679 1166 reges3
703 1087 875 1169 plectuntur
897 1089 1008 1160 Achivi,
1175 1100 1226 1154 aaa

294 1169 384 1233 Plebs
407 1172 498 1234 instat
521 1170 589 1235 belli
611 1174 728 1235 sarcina
754 1180 816 1236 tota
839 1171 909 1234 tibi!

353 1319 531 1378 ACHILLES
550 1321 694 1380 ulturus
712 1322 843 1380 AMORE
860 1322 941 1380 NON
958 1323 1119 1383 Puuuau.

253 1431 421 1494 &nessus
441 1432 508 1513 paci
531 1429 698 1512 completus
721 1431 852 1497 circulus
874 1432 954 1507 anui,

294 1517 338 1580 Ad
361 1525 499 1582 cenlrum
523 1516 594 1582 belli
616 1537 685 1598 mox
708 1526 889 1602 properatur
911 1521 964 1584 ibi.

250 1606 383 1670 Graecos
405 1605 507 1667 ealuoit
528 1603 702 1670 Palamedes
725 1615 755 1669 et
777 1615 880 1669 monet
901 1625 1007 1671 omues

293 1690 390 1753 Caede
414 1709 522 1754 necare
545 1710 660 1764 necem.
685 1701 784 1755 morte
806 1693 911 1772 lugaee
934 1694 1046 1774 lugam.

251 1774 425 1856 Deiphobus
448 1777 595 1858 Phrygios
616 1778 773 1849 instaurat,
797 1780 847 1840 cul
868 1777 1046 1842 Palamedes

294 1859 400 1924 Obvial
423 1870 453 1924 et
476 1861 572 1925 valide
596 1862 766 1945 dejiciendo
788 1873 886 1926 necat.

252 1947 284 2008 ln
308 1945 419 2010 bellum
441 1967 501 2010 nou
525 1948 681 2028 prodierat
702 1949 840 2013 turbatus
862 1947 992 2012 Achilles

295 2031 432 2096 Pectoris
454 2035 487 2096 iu
510 2052 628 2098 camera
651 2033 757 2099 vulnus
779 2037 892 2098 amoris
914 2033 1037 2099 liabens.

250 2116 354 2197 Pugna
378 2125 477 2182 umen
498 2121 594 2200 surgit
615 2123 771 2193 acerrima,
795 2120 920 2202 spicula,
944 2123 1035 2200 couti,

294 2202 389 2264 Enses
409 2221 442 2266 se
465 2202 602 2275 densant,
627 2205 750 2268 vulnera
772 2203 854 2267 mille
877 2213 990 2267 creant.

252 2287 384 2349 Credatis
406 2287 509 2358 mulia,
531 2290 558 2350 si
580 2289 673 2352 millia
695 2290 763 2352 (lico
786 2292 894 2359 ruisse,

293 2369 384 2433 llillla
407 2379 452 2434 tot
472 2374 581 2434 totiens
604 2375 670 2454 quis
692 2374 838 2436 cecidisse
860 2373 963 2453 putati

251 2454 306 2518 Vix
330 2454 407 2518 beno
429 2456 569 2532 credetis,
591 2457 644 2520 seii
667 2458 797 2528 caedum
821 2466 866 2518 iot
887 2459 1006 2537 periere

293 2540 372 2612 Quot
393 2559 522 2603 numero
544 2559 604 2603 non
628 2549 673 2603 est
694 2542 846 2604 intitulare
869 2539 943 2602 leve.

251 2624 360 2687 liaciat
381 2624 562 2706 Naupliades
585 2635 615 2689 et
636 2627 756 2689 dedicat
778 2645 848 2690 aava
872 2645 995 2698 cauom

294 2710 478 2776 Substiteaat
499 2710 599 2777 nullus
621 2711 705 2777 illius
727 2720 795 2777 aute
818 2729 933 2776 monus.

253 2797 325 2861 Nam
349 2801 445 2878 prima
469 2798 547 2862 volat
568 2800 600 2861 in
623 2802 695 2872 auio,
719 2802 895 2883 primusque
917 2798 1034 2862 sodales

295 2885 345 2946 Sio
367 2885 479 2949 animat
500 2903 621 2966 pronos.
645 2885 681 2949 ad
705 2905 791 2967 mago
814 2905 907 2968 paona
931 2896 1025 2949 vocal.

254 2971 314 3034 Coa
337 2980 422 3034 creat
443 2973 473 3033 in
496 2973 620 3044 timidis,
644 2971 747 3036 laudes
770 2971 932 3036 audacibus
955 2981 1059 3054 aptat„
1119 2973 1129 2990 ''

294 3053 494 3120 Exhortalivis
516 3055 639 3121 vocibus
662 3077 744 3121 arma
766 3069 861 3140 parat.

253 3141 371 3204 Proluit
392 3142 542 3205 interium
566 3143 695 3206 dominis
718 3161 852 3225 pugnare
871 3142 1020 3225 jubendo:

294 3227 360 3290 Non
383 3235 471 3291 uocet
493 3229 622 3291 admisso
643 3227 774 3292 subdere
796 3229 893 3292 calcal·
917 3247 1002 3309 equo.

251 3313 343 3376 lrruit
364 3313 395 3374 in
418 3315 535 3377 Danaos
557 3313 672 3378 validus
695 3314 861 3396 Sarpedon.
886 3325 916 3377 et
937 3313 1004 3378 illos

295 3398 446 3471 Vulnerat,
471 3399 525 3462 uos
547 3403 650 3481 agitat,
673 3401 729 3463 lios
753 3401 822 3464 loa-it
843 3401 959 3483 hosquo
981 3411 1078 3464 uocat.
1174 3412 1226 3463 850

254 3487 317 3549 liox
341 3505 432 3549 novus
454 3484 504 3550 illa
527 3486 638 3560 videns,
662 3489 794 3568 antiquis
818 3486 930 3550 viribus
954 3505 1024 3550 usus

294 3571 417 3635 Advolat
439 3581 470 3635 et
490 3575 601 3635 fortem
624 3574 757 3653 peslorat
781 3593 853 3637 ense
876 3575 994 3637 ducam.

251 3656 372 3720 Exultat
396 3658 497 3727 victor,
522 3658 622 3719 titillat
643 3659 737 3738 gloria
761 3667 903 3729 mentem,

296 3742 395 3814 Quum
419 3739 510 3803 breve
532 3741 642 3804 laetitia
665 3742 797 3806 'leucroa
822 3761 943 3804 carmon
965 3740 1064 3804 hallei.

251 3878 454 3887 ...m

320 3960 379 4012 826.
398 3958 464 4015 Hor.
487 3959 576 4026 Epist.
594 3963 622 4025 1,
641 3962 671 4024 2,
691 3961 731 4014 14.
810 3962 871 4014 826.
890 3961 1002 4026 litargo:
1025 3959 1124 4026 Pugna
1146 3961 1224 4018 xlii.

250 4029 311 4083 sta.
329 4026 422 4079 osleer
438 4043 488 4096 pro
508 4027 566 4079 aod.
586 4044 691 4080 oarosr.
710 4061 743 4070 -
761 4029 839 4081 subd.
859 4043 881 4084 o.
901 4045 925 4080 e.
943 4029 1025 4082 ovid.
1044 4029 1096 4080 Ara
1115 4044 1167 4084 am.
1185 4029 1224 4096 11,

252 4099 312 4150 tat.
329 4095 441 4154 Bemsd.
459 4097 519 4152 788.
539 4112 572 4149 ex
590 4097 672 4152 Pont.
690 4096 728 4162 ll,
746 4098 771 4162 6,
789 4100 831 4150 38.

986 4179 1020 4235 71
