3340 4788
413 681 475 748 124
720 681 785 738 ιιι.
803 680 851 736 ιν.
879 695 905 738 v.
923 682 1082 762 ees-ms.¹

411 837 512 907 Piruia
536 837 651 900 directo
675 837 802 917 partitur
825 837 945 899 tramite
967 852 1066 906 nares.

456 924 521 988 Non
546 931 648 996 tumet,
672 931 723 984 aut
746 919 843 1004 aitqua
866 922 964 986 deviat
986 919 1035 982 illa
1059 920 1113 991 via,

415 1013 560 1078 Nolumus
582 1010 661 1071 bane
683 1017 767 1068 torve
790 1005 836 1068 vel
859 1007 974 1070 adunco
996 1005 1129 1069 scribere
1151 1023 1225 1069 naso

456 1099 549 1180 inque
572 1112 641 1156 aava
664 1091 766 1155 nulius
788 1101 832 1154 est
855 1093 896 1154 ibi
920 1111 991 1155 nare
1015 1092 1103 1174 ptius,

412 1185 478 1247 Non
502 1189 548 1243 est
570 1177 615 1240 vei
639 1178 754 1238 mmiiea
777 1179 912 1239 maculae
935 1178 1131 1258 reprehensio
1154 1175 1225 1238 maii

459 1267 520 1329 Nee
543 1263 636 1327 laedit
655 1279 746 1322 nares
769 1263 872 1342 virque
894 1271 1039 1342 paterque
1062 1261 1177 1339 gregim

414 1353 467 1415 Est
490 1359 521 1412 et
543 1349 724 1411 aromaticus
747 1364 807 1407 non
829 1348 958 1407 rusticus
980 1343 1089 1407 halitus
1113 1347 1185 1414 oris,

458 1434 567 1498 Nescio
589 1435 658 1514 qaris
680 1429 786 1492 melior
809 1429 907 1492 thuris
931 1431 1042 1492 eteris
1066 1429 1150 1490 orior.

416 1524 550 1584 Aurorae
573 1518 664 1580 iacies
687 1518 771 1598 quasi
796 1515 865 1588 iiiia,
889 1515 961 1578 dum
984 1513 1079 1577 rubor
1101 1514 1145 1576 ilii

458 1607 496 1668 iit
517 1603 639 1672 candor,
662 1610 769 1663 neuter
792 1611 833 1663 est
858 1610 889 1662 et
910 1609 1037 1680 uterque
1060 1599 1153 1663 rotor.

416 1691 457 1752 0s
479 1690 552 1770 cynii
576 1687 660 1767 quasi
683 1686 798 1748 dimidii
821 1685 947 1748 ridendo
970 1685 1104 1756 resultat,

459 1775 528 1836 Vuit
549 1771 667 1833 taudem
690 1772 785 1853 spatio
807 1771 1011 1851 promeruisse
1035 1770 1127 1831 brevi.

416 1858 549 1929 Quodam
572 1873 605 1917 se
627 1854 775 1935 praebent
798 1857 960 1934 pugnantia
983 1852 1066 1916 iabra
1090 1862 1217 1926 turmore,
1333 1869 1386 1917 676-

460 1941 518 2003 Sed
542 1939 657 2000 modico
680 1937 805 2000 rutilant
827 1957 887 2000 non
911 1948 1009 2000 tamen
1032 1937 1144 2019 absque
1166 1939 1265 2001 modo.

417 2027 536 2088 Statura
560 2025 673 2086 similes
696 2022 801 2084 dentes
823 2026 1013 2103 compaginat
1035 2023 1118 2091 ordo.

460 2111 570 2192 Estque
593 2109 766 2170 nitescentis
789 2110 925 2170 aemutus
948 2108 1022 2169 ertio
1046 2109 1131 2169 uiris.

419 2195 575 2278 Respieies
598 2200 741 2265 mentum,
766 2201 900 2256 mentum
923 2202 981 2256 tam
1006 2192 1105 2255 nobile
1128 2205 1259 2258 mentem

462 2284 615 2344 ementem
640 2279 746 2352 166611,
770 2283 796 2344 61
820 2281 887 2362 queis
910 2298 1009 2342 ansere
1028 2280 1105 2342 vetit.

311 2397 313 2402 ·
418 2369 455 2432 m
477 2367 545 2430 retii
568 2369 656 2430 i'nrio
680 2368 764 2446 quiesi
787 2385 937 2429 marmure
959 2377 1039 2430 secta
1062 2366 1201 2429 eninmna

461 2455 524 2515 Scit
545 2451 697 2532 speculam
720 2454 826 2532 eapitis
850 2471 933 2513 more
956 2453 1054 2514 tevare
1075 2455 1169 2530 gruis.

420 2540 521 2600 Visum
546 2539 690 2609 cernenti,
714 2554 767 2597 cor
789 2539 940 2598 iuraretur
962 2539 1083 2604 amanti.

462 2622 544 2694 Quae
566 2620 738 2701 erystaiiino
761 2629 882 2700 gutture
904 2620 998 2682 torma
1022 2622 1119 2682 mieat.

418 2708 498 2767 Voce
520 2714 606 2766 vocat
627 2705 755 2774 taudem,
780 2705 846 2784 quia
870 2723 924 2765 vex
949 2707 1080 2766 imitatur
1104 2705 1218 2765 etonem
1336 2716 1387 2768 666

462 2791 513 2851 Est
536 2799 595 2850 tam
619 2806 691 2866 grus
713 2789 801 2858 cotio,
825 2805 914 2867 quam
938 2788 1098 2867 philometa
1121 2805 1206 2850 seno.

419 2875 456 2936 Et
477 2872 581 2957 quales
602 2873 737 2935 humeri!
759 2891 857 2953 neque
880 2874 1028 2934 triennum
1052 2892 1147 2954 neque
1170 2883 1306 2954 surgunt,

464 2959 501 3020 Ut
522 2957 640 3038 jaceant
662 2957 706 3018 vei
730 2965 819 3027 stent,
843 2962 955 3037 gratius
978 2958 1065 3020 ambo
1088 2958 1203 3022 sedent

419 3044 516 3116 Ossam
538 3046 663 3104 veniunt
684 3043 771 3104 simui
794 3041 831 3104 ab
855 3040 990 3104 humeris
1012 3053 1071 3104 tam
1094 3051 1252 3105 stemmate
1273 3043 1362 3125 longo

464 3129 617 3199 uraccma,
641 3147 728 3210 quam
752 3127 855 3205 graeiii
878 3129 1034 3190 deiiciatur
1057 3128 1106 3194 ibi.
1338 3141 1389 3190 690

419 3213 486 3276 Nou
510 3231 634 3274 carnosa
657 3231 764 3274 manus
786 3212 838 3273 sed
863 3231 979 3286 earnes,
1003 3213 1110 3292 gaudet
1135 3213 1172 3274 nb
1195 3215 1275 3275 intus

464 3297 586 3360 Ossibus
610 3305 638 3359 et
662 3298 771 3367 nervis,
796 3315 888 3358 earne
911 3299 1024 3359 nitente
1048 3298 1135 3367 ioris:

487 3519 546 3570 661.
565 3523 654 3570 tumet
673 3533 688 3570 6
706 3519 831 3584 margine
850 3533 899 3586 pre
918 3517 1005 3574 timet.
1076 3519 1135 3575 666.
1154 3516 1206 3571 Or.
1224 3519 1277 3572 ers
1295 3521 1318 3586 1,
1330 3523 1390 3579 ⁶20.

419 3589 479 3642 668.
497 3603 512 3638 6
531 3587 655 3654 margine
674 3603 724 3654 pro
742 3587 860 3654 greeeia.
880 3585 931 3642 Ov.
950 3587 1003 3639 Ars
1022 3587 1043 3654 1,
1062 3590 1112 3640 522

487 3656 547 3709 Nee
566 3657 679 3708 laedant
696 3673 779 3708 neres
797 3658 894 3722 virque
913 3661 1051 3724 paterque
1069 3657 1172 3724 gregia.

421 3726 481 3779 676.
512 3741 527 3778 6
545 3741 630 3792 marg.
651 3725 723 3791 cycli
743 3741 792 3791 pro
810 3725 883 3788 sicli,
901 3726 1016 3778 resultat
1034 3743 1083 3794 pro
1101 3726 1228 3778 resultat.
1298 3729 1356 3786 660.
1375 3745 1391 3781 6

419 3810 513 3912 ιιιιιςᾸ
525 3808 801 3913 ιιιιιιίιιῖιειοιιιιιοὶῗ.
826 3861 845 3912 Γ
870 3795 996 3915 66465666
1009 3795 1145 3848 61666666.
1215 3796 1272 3853 687.
1286 3799 1310 3852 6.
1326 3797 1391 3850 Aia·

419 3878 472 3914 nur
515 3877 660 3918 ιιι6.ι.
695 3899 745 3914 ..
799 3878 874 3921 ,nn
910 3900 960 3919 ..

489 3931 549 3982 Non
568 3929 640 3981 mele
660 3879 737 3982 coil}
752 3931 857 3996 sedent,
875 3931 999 3984 humeris
1016 3947 1069 3984 uon
1088 3931 1190 3982 insidet
1208 3931 1267 3985 6116

489 3997 598 4064 (tarvis,
617 4003 647 4049 et
665 3999 757 4066 spetio
778 4000 867 4064 surgit
884 3999 1018 4052 distincte
1037 3999 1167 4052 modesto.
