3426 4786
648 738 949 796 commoneamus.
1231 739 1272 806 67

309 897 347 958 of.
371 917 462 977 supro
483 899 520 959 cd
542 918 573 959 v.
592 902 620 958 7.
647 933 686 942 -
709 919 738 960 v.
756 901 795 960 14
817 901 924 978 psalm.
941 902 982 962 90
997 893 1085 984 (91),
1112 901 1150 960 13
1172 915 1285 976 snper

307 985 477 1059 aspidem
498 990 530 1046 et
552 985 769 1047 basiliscum
790 987 967 1048 ambulabis.
991 1004 1038 1046 ev.
1062 985 1136 1046 Luc.
1161 985 1210 1060 10,
1234 987 1285 1048 19.

310 1086 370 1131 ecee
390 1071 458 1132 deii
478 1070 558 1132 subn
567 1075 739 1146 potestatem
761 1072 935 1134 calcandi
955 1089 1072 1146 snpra
1093 1075 1287 1148 serpentes

310 1159 337 1217 et
357 1158 531 1232 scorpiones.
557 1188 594 1199 —

585 1329 651 1388 ap.
674 1311 699 1371 1.
723 1308 791 1392 (ric.
816 1312 831 1373 1
857 1308 1010 1396 sc-sr.)

392 1414 540 1476 Thiotridi
563 1419 774 1494 argumentum
782 1411 826 1500 *):
863 1417 947 1495 Quod
971 1420 1093 1478 senune
1121 1415 1285 1477 Wiltibrcr-

307 1501 363 1562 ens
383 1505 575 1578 sempiternae
597 1503 671 1565 breis
689 1504 772 1578 fitius
792 1503 904 1565 morteto
927 1507 1000 1563 onte
1020 1504 1142 1579 mystico
1157 1505 1287 1562 oromate

307 1592 347 1647 est
369 1591 509 1665 oopnitns,
532 1607 622 1666 ueram
643 1590 746 1650 editus.
772 1621 807 1632 -
833 1587 879 1652 or.
893 1588 1017 1648 Alesia.
1041 1588 1096 1648 sit.
1112 1587 1198 1647 Will.
1222 1584 1284 1646 Is.

307 1670 409 1736 113³.
433 1675 483 1734 34.
516 1707 559 1719 -
592 1673 778 1734 'I'hioin'dum
808 1674 899 1734 stmul
922 1676 953 1734 st
978 1673 1139 1734 Alcuinum
1162 1674 1285 1733 secutus

307 1759 353 1817 est
375 1757 573 1819 Theodericus
596 1758 627 1817 in
651 1759 762 1820 (thren.
793 1759 1011 1836 Bptemscensi
1033 1758 1087 1818 lib.
1110 1758 1126 1816 I
1154 1775 1220 1832 cap.
1243 1757 1284 1816 33

306 1835 361 1923 (Μ.
385 1841 420 1903 G.
446 1843 499 1905 SS.
522 1843 625 1905 XXIII
646 1865 676 1922 p.
700 1845 740 1905 45
763 1844 817 1907 lio.
842 1839 913 1928 50):
949 1841 1044 1904 Anno
1067 1841 1285 1905 incarnationis

305 1927 429 1991 DomIni
451 1929 509 1991 659
531 1949 597 1994 nrm
613 1929 773 1993 Oiadoveus
794 1933 823 1991 8.
846 1933 931 2009 repul
952 1935 1067 2008 aperet,
1091 1930 1192 1992 beatus
1211 1927 1285 1988 Wei-

305 2015 452 2078 libroreius
472 2035 508 2079 en
534 2020 623 2080 claris
650 2019 839 2095 stretipiosis
864 2017 1039 2094 parentibus
1068 2021 1102 2076 in
1123 2015 1285 2077 Neritum·

307 2101 381 2172 bria,
400 2106 550 2179 monntia
564 2105 757 2166 Brittanniae
773 2104 897 2175 imolae,
913 2108 954 2164 cst
966 2107 1149 2179 procreatus.
1188 2097 1285 2164 Cuius

306 2187 429 2248 modum
454 2191 547 2265 piniti
573 2193 665 2252 tonus
690 2191 766 2249 vtae
791 2193 887 2249 status
913 2190 1006 2248 niatri
1031 2205 1104 2248 snae
1132 2188 1166 2247 in
1187 2189 1284 2246 incre-

305 2275 411 2332 mentis
433 2275 590 2335 henanbns
619 2279 661 2334 est
687 2275 842 2334 revelatus.
887 2272 955 2350 Qua
986 2275 1066 2332 enim
1094 2276 1176 2331 nocte
1210 2271 1286 2331 beao

304 2354 413 2416 soboles
435 2359 469 2417 in
487 2363 570 2419 atero
590 2360 654 2418 eins
667 2358 900 2431 concipiebatur,
916 2356 991 2416 sidit
1004 2357 1039 2416 in
1052 2357 1164 2416 visione
1178 2356 1285 2414 lunam

306 2439 339 2498 tn
359 2441 438 2502 caeto
459 2444 546 2515 quasi
568 2459 788 2524 notamusque
810 2444 844 2501 in
860 2442 986 2516 plenam
1009 2444 1181 2500 arescentem
1202 2443 1228 2498 ei
1250 2443 1285 2498 in

305 2540 337 2582 os
358 2528 422 2586 eius
452 2527 548 2587 sabito
580 2528 667 2601 lapsu
698 2530 831 2586 ruentem
862 2530 1010 2599 totamque
1042 2540 1073 2584 se
1105 2525 1284 2584 intrinsecus

305 2607 464 2671 vobementi
486 2612 637 2688 splendore
647 2610 882 2687 perfundentem.
916 2609 1002 2687 Quod
1017 2607 1151 2681 confessa
1165 2608 1285 2669 cuidam

306 2695 438 2776 retinen
463 2699 637 2774 presbitero,
665 2716 838 2774 responsnm
866 2698 977 2772 aceepit
999 2696 1033 2757 rie
1055 2699 1189 2771 correeplo
1210 2695 1283 2768 filio,

304 2787 381 2858 qnod
391 2803 518 2862 rrmpnns
528 2792 554 2847 et
566 2787 687 2847 illustris
697 2785 881 2846 illuminator
890 2782 1014 2858 intuens
1023 2774 1283 2858 asse’tDeipopuio.

392 2892 418 2934 v.
447 2858 484 2932 Is
508 2873 669 2948 quadrifidi
690 2872 779 2935 comni
802 2870 838 2933 de
861 2872 1005 2950 quattuor
1020 2869 1094 2931 cccli
1109 2867 1284 2948 regionibus

305 2958 554 3038 Intellegendum.
589 2961 627 3022 of.
653 2959 758 3044 Sedul.v
779 2978 870 3021 cerm.
894 2957 993 3036 pasch.
1017 2956 1046 3015 V
1070 2957 1131 3017 188
1154 2975 1198 3035 eq.

328 3063 409 3124 Neve
431 3058 499 3139 pins
520 3067 632 3141 ipnoret
652 3064 774 3140 speciem
794 3063 889 3124 crude
911 3079 974 3122 esso
996 3061 1155 3134 conedam,

328 3151 410 3227 Quae
431 3151 583 3211 dominnm
600 3151 731 3224 portauit
753 3165 860 3223 ouans,
883 3149 999 3208 ratione
1015 3147 1130 3221 potenti

327 3232 512 3313 Quattuor
535 3236 620 3296 inde
636 3236 771 3311 plopos
792 3233 973 3307 quadrati
995 3231 1150 3308 collipat
1172 3229 1285 3290 orbis.

324 3321 502 3398 splendidus
523 3315 651 3381 auctoris
672 3321 707 3380 de
728 3319 831 3379 vertice
852 3317 945 3394 suipet
967 3333 1045 3391 cous,

326 3405 450 3469 Occidere
471 3423 573 3467 sacrae
595 3405 768 3467 lambuntur
788 3403 882 3464 sirlore
899 3403 1023 3478 plamae

325 3493 438 3556 Arcton
460 3493 563 3553 ‹tenlru
584 3496 673 3566 tenet,
697 3491 826 3551 medium
848 3489 932 3550 laeua
954 3489 1038 3563 eripit
1060 3504 1155 3547 anem.
1180 3517 1219 3528 —

388 3578 536 3639 Britanni
576 3577 614 3636 cf.
644 3575 763 3637 Alonis.
797 3595 826 3634 v.
861 3573 910 3633 W.
946 3572 962 3630 I
997 3573 1013 3631 1
1043 3571 1112 3632 inii.
1141 3570 1217 3631 Fuit
1250 3571 1285 3630 in

305 3662 541 3725 Brittannia
562 3663 704 3731 insuto,
714 3661 867 3735 prooirstia
882 3656 1283 3724 Nortlscrbumbrnna,

304 3750 427 3823 ennam
437 3745 658 3826 paterfamilias
677 3761 807 3821 penere
828 3742 925 3803 Sanc
939 3746 965 3802 el
979 3743 1099 3802 nomine
1119 3739 1282 3815 Witpils.

342 3869 348 3874 ,.
366 3865 508 3873 ----—=-—--

373 3929 410 3993 *t
429 3925 508 3980 Haeo
526 3917 705 3995 arguments,
724 3937 796 3990 quae
815 3921 844 3974 In
863 3919 957 3975 fronte
971 3919 1012 3972 sin
1035 3918 1145 3971 uterum
1160 3933 1194 3970 co
1214 3917 1285 3970 itum

301 3995 398 4118 pvorreai¹
418 3994 517 4074 extant
533 3993 562 4046 In
582 3991 675 4070 indico
687 3987 896 4072 contuleram,
916 4003 1001 4057 quem
1047 3983 1185 4042 hlossidas
1225 3984 1284 4039 itae

340 4062 379 4118 slI.
396 4077 542 4134 prosmcae
561 4063 716 4132 prsemsest.
987 4100 993 4110 .

1072 4146 1106 4196 5⁸
