3372 4788
441 729 531 786 VITA
544 729 793 787 WlhhlBRORDI
812 731 986 789 nauales.
1009 733 1077 790 LlB.
1092 733 1113 791 I.
1222 738 1264 804 15

289 888 339 955 Sit
361 909 426 973 quo
448 885 608 970 dedecori,
632 886 710 971 quia
730 886 836 952 noluit
857 909 927 954 esse
949 887 1066 972 decori,

289 973 340 1040 Sit
360 994 435 1038 reus
456 975 532 1037 ente
554 970 650 1036 deum
672 972 711 1036 de
733 975 783 1037 tot
804 972 901 1037 lucris
923 973 1112 1053 animarum,

290 1056 377 1134 Quot
397 1056 492 1122 facile
513 1060 625 1140 posset
645 1055 773 1139 lucrari,
795 1056 822 1120 si
844 1055 1030 1122 studuisset.
1180 1067 1261 1122 tea*

289 1141 399 1207 Virtus
421 1160 490 1206 nou
512 1140 639 1224 quaerit
660 1160 729 1223 sua,
752 1141 808 1204 sed
831 1161 914 1224 quae
936 1144 1014 1206 sunt
1035 1141 1151 1208 aliena.
1276 1165 1279 1174 ·

234 1245 275 1287 ese
289 1225 351 1303 Qui
372 1223 524 1311 prodesse
546 1227 656 1309 potest
677 1228 712 1290 et
732 1246 800 1290 non
823 1225 905 1308 vult,
928 1225 992 1290 insi
1017 1225 1086 1291 iens
1108 1232 1167 1305 est,

288 1309 409 1376 Vivens
433 1313 578 1375 mortuus
601 1311 650 1375 est
672 1313 706 1375 et
726 1312 841 1375 trunco
864 1310 959 1376 vilior
1014 1331 1130 1377 ermae.

286 1395 364 1462 Non
386 1395 618 1481 praecidendae
638 1395 800 1494 praecidit
821 1396 904 1462 colla
925 1396 1104 1481 columbae,

288 1480 318 1548 N
321 1503 356 1548 eo
378 1483 476 1567 caput
496 1478 536 1545 ad
559 1485 701 1566 tropicas
724 1485 865 1566 torquet,
886 1503 944 1547 eeu
964 1481 1016 1547 lex
1037 1484 1258 1570 monetales,

288 1566 376 1632 Dum
398 1564 615 1652 speculativae
637 1566 683 1632 sie
705 1568 831 1652 appetit
851 1567 919 1633 otia
941 1567 1036 1650 vitae,

235 1673 275 1714 aec
290 1653 423 1718 Activae
445 1672 551 1717 mores
573 1655 611 1716 ut
633 1651 786 1738 neglegat
807 1655 904 1737 atque
926 1653 1063 1719 labores.

287 1736 357 1802 Hoc
378 1757 487 1801 secum
510 1740 663 1834 reputans
686 1741 720 1801 et
741 1737 859 1818 mentis
881 1737 1028 1803 acumine
1050 1758 1190 1823 pausans

286 1821 334 1888 Po
388 1821 475 1887 osuit
496 1821 558 1886 eibi
580 1843 624 1905 se,
647 1821 759 1901 voluit,
783 1821 868 1906 quod
890 1821 1005 1908 noluit,
1029 1843 1106 1888 esse.

287 1825 386 1986 Qupp
401 1907 528 1993 requies
551 1906 638 1973 bona
659 1909 712 1991 sit,
760 1908 822 1974 uod
846 1912 933 1975 terra
955 1909 999 1975 sit
1019 1909 1152 1994 optima,
1177 1909 1260 1976 vidit

286 1993 363 2062 Non
386 1994 492 2061 caruis
513 1996 640 2081 requies
661 2017 722 2060 nec
738 1931 880 2082 humus,
909 1995 965 2062 sed
987 1995 1090 2082 gloria
1111 1995 1259 2083 psyches.

234 2101 274 2142 aaa
288 2081 467 2168 Supposuit
488 2081 640 2147 humeros
663 2081 815 2148 robustus
837 2085 875 2147 ut
896 2081 1027 2148 lsachar
1049 2103 1130 2150 onos

288 2167 339 2232 Ad
361 2167 594 2252 deportandum
618 2167 794 2236 doctrinae.
807 2191 906 2233 suave
929 2169 1097 2234 tributum.

287 2253 409 2334 Paruit,
434 2253 582 2333 assensit,
604 2257 791 2338 praesentes
814 2252 1015 2338 exhilaravit,

286 2336 348 2400 Est
368 2336 591 2414 acclamatum,
614 2340 692 2400 sunt
713 2337 800 2400 edita
823 2337 934 2401 munia
956 2336 1096 2402 laudum.

288 2419 492 2485 (laurentum
514 2419 612 2484 solvit
633 2419 698 2484 dux
720 2419 923 2504 electumque
945 2420 1062 2484 refovit

233 2523 273 2561 cce
287 2505 337 2565 Ac
358 2501 539 2567 transmisit
561 2523 634 2566 eum
681 2524 721 2565 uo
742 2503 912 2567 condecuit
934 2503 1104 2584 comitatu3

285 2585 376 2650 Misit
397 2585 595 2672 apostolicae
616 2525 701 2651 selis
723 2607 782 2650 sua
803 2585 890 2651 dona
912 2585 1099 2651 hierarchae
1123 2625 1162 2636 -

285 2669 418 2756 Sergius
440 2670 516 2738 huic
539 2693 670 2754 nomen,
693 2670 860 2737 servandis
882 2672 1035 2761 gentibus
1057 2692 1162 2758 omen,

286 2757 410 2824 Summi
432 2759 483 2823 vir
504 2758 621 2838 meriti,
644 2758 745 2824 totius
767 2759 873 2844 gloria
895 2760 1019 2844 mundi,
1042 2797 1084 2807 -

285 2843 500 2928 Exsculptum
523 2843 626 2931 signis
649 2844 766 2909 solium
789 2844 879 2909 miris
902 2843 1107 2932 anaglyphis,

233 2950 273 2991 aa
287 2929 372 2996 Hinc
395 2929 509 3015 bobus,
533 2929 609 2996 inde
631 2930 795 2996 leonibus:
819 2929 896 2996 hinc
918 2931 1007 3017 pius,
1030 2929 1106 2997 inde
1128 2952 1258 2997 severus

287 3015 488 3083 Oeconomos
535 3016 663 3096 rudens,
686 3016 797 3083 divina
818 3016 919 3083 diaria
941 3038 1104 3105 promens.

328 3100 401 3168 Vll.
431 3101 495 3168 Hic
511 3039 585 3168 dum
602 3107 765 3188 pausaret,
783 3103 890 3169 tenuis
913 3125 1010 3189 sopor
1030 3124 1105 3169 ossa
1124 3103 1255 3189 rigaret,

286 3187 431 3275 Angelus
454 3187 583 3268 effulsit,
607 3210 673 3254 nox
695 3189 764 3254 eius
786 3188 857 3255 luce
879 3189 1014 3273 reluxit,

284 3272 345 3339 Est
367 3273 485 3339 affatus
507 3295 580 3340 eum
602 3295 660 3339 ceu
683 3273 786 3340 dulcis
809 3277 931 3341 amicus
952 3277 1108 3340 amicum:

231 3379 272 3422 uo
287 3359 414 3426 ‘Omnis
435 3363 570 3426 naturae
592 3383 644 3424 me
666 3360 768 3426 mittit
789 3361 938 3427 conditor
960 3360 1000 3426 ad
1022 3363 1068 3441 te,

286 3443 371 3522 Quid
382 3446 463 3512 velit
476 3451 510 3512 et
523 3469 582 3531 per
596 3468 648 3512 me
660 3446 719 3512 tibi
732 3445 876 3529 mandet,
891 3450 998 3513 mente
1010 3445 1158 3513 reconde.
1189 3453 1259 3509 teu

286 3531 503 3619 Symmystam
525 3555 644 3612 carum,
667 3533 757 3682 prius
779 3533 814 3599 in
837 3535 972 3599 matrice
996 3537 1168 3615 sacratum,

217 3687 223 3694 ,
286 3616 348 3682 Par
370 3620 404 3682 te
425 3616 616 3683 sacrandum
639 3617 666 3681 ti
689 3618 700 3683 i
722 3618 864 3684 destinat
889 3621 923 3683 et
944 3617 1171 3684 decorandum.

285 3791 409 3906 eulaliih
421 3785 858 3930 hlecddiirmdil'pmlllldllihtiive
879 3784 1061 3922 lisinecgiligcdt
1081 3791 1177 3907 apae
1193 3801 1259 3905 appi

284 3916 354 3974 Post
375 3921 473 3988 posuit
496 3921 555 3976 GT
622 3925 673 3975 894
696 3937 709 3974 s
729 3919 815 3988 ychen
839 3920 897 3975 GT
964 3925 1014 3975 397
1038 3921 1257 3989 presentes-ex-

306 3987 409 4042 letavit
427 3988 487 4043 GT
553 3994 601 4043 401
621 3936 765 4042 ierarchae
785 3987 843 4043 GT
904 3993 955 4044 40³
973 3987 1066 4042 tocius
1086 3986 1146 4043 GT
1206 3991 1256 4041 406

285 4003 444 4111 homenes
464 4056 523 4113 GT
591 4063 641 4112 409
659 4055 756 4130 cecc
825 4062 875 4111 414
894 4053 1076 4126 symmistam
1097 4053 1154 4112 GT
