3340 4788
400 641 471 708 104¹
723 641 787 693 Lib.
805 641 854 693 iv.
889 642 1063 698 ιτα-107.
1116 685 1121 695 .

444 794 542 858 Debet
562 795 740 877 promissam
764 793 867 856 lallare
890 803 955 874 tyro
978 792 1085 855 lidemi

402 881 545 944 Adversis
568 897 628 941 non
651 879 756 942 deesse
778 878 941 941 decet-sed
965 878 1042 940 laeta
1064 878 1189 948 securis,

328 977 331 984 ’
444 966 503 1028 Vos
525 965 599 1026 milri
621 963 727 1028 dicetis
750 965 887 1035 forsitan:
912 964 947 1026 ad
970 963 1049 1043 quod
1073 980 1139 1042 ego.

402 1052 461 1113 l‘ro
485 1053 582 1130 patria
607 1067 742 1130 pttgnare
765 1050 852 1112 decet
874 1066 1060 1130 regnumque
1083 1049 1172 1116 tueri,

445 1135 553 1196 llostes
576 1154 593 1196 a
616 1137 703 1213 regni
726 1133 839 1215 pellere
860 1136 919 1196 dne
941 1135 998 1196 sui.
1343 1142 1377 1191 80

404 1222 462 1282 l'as
485 1226 540 1287 est,
565 1227 598 1280 ut
619 1231 738 1280 revocet
760 1220 855 1299 quivis
877 1217 1050 1299 opprobrio,
1073 1217 1181 1279 damna

446 1304 582 1367 Vindicet
604 1313 634 1366 et
656 1302 768 1366 bellurn
792 1323 858 1367 sors
881 1304 1009 1366 violenta
1032 1311 1123 1382 petat.

403 1389 473 1460 Sed,
496 1391 539 1452 sic
563 1387 723 1452 vindictam
747 1388 822 1451 mala
845 1406 885 1452 ne
907 1388 1019 1469 majora
1042 1393 1219 1468 sequantur,

448 1476 540 1539 Ferre
563 1476 681 1538 minora
704 1473 780 1547 volo,
804 1494 842 1537 ne
864 1476 1000 1556 graviora
1023 1474 1129 1536 leram.

403 1562 464 1625 Nos
486 1579 584 1645 neque
606 1580 661 1644 pro
685 1564 779 1643 patria
802 1578 980 1644 pugnamus,
1003 1557 1085 1622 nulla
1109 1567 1228 1623 tuemur
1343 1569 1377 1621 85

446 1648 559 1729 Regna,
583 1665 639 1710 nec
662 1667 801 1711 arcemus
824 1648 940 1710 hostico
962 1647 1047 1726 sigua
1069 1645 1184 1728 procul.

405 1735 462 1797 llio
484 1753 597 1804 sumus,
620 1735 710 1815 inque
734 1735 827 1796 ricem
851 1752 906 1795 nos
928 1732 1153 1796 commactendo
1176 1734 1304 1795 ierimus

448 1818 565 1881 insanis
586 1819 709 1888 slmiles,
734 1817 814 1881 nulla
836 1821 937 1899 quieta
960 1819 1033 1879 dies.

407 1903 466 1966 Sed
490 1920 590 1981 neque
613 1921 672 1964 nox
694 1902 799 1965 didicit
821 1902 911 1964 ullam
936 1919 1043 1982 iterare
1066 1905 1209 1983 quietem.

448 1987 535 2049 ilaue
557 1987 710 2048 necandus
732 2006 793 2058 ero,
818 1996 906 2048 nocte
929 1989 1049 2067 quietus
1071 1987 1142 2048 erol
1346 1995 1382 2046 90

406 2073 471 2136 Non
496 2071 654 2133 rationales
677 2070 814 2133 homiues
837 2074 891 2142 sic,
916 2073 1007 2132 immo
1030 2072 1166 2134 lureutes

449 2157 489 2219 Se
511 2167 731 2218 consueverunt
753 2157 898 2219 dilaniare
922 2175 1022 2218 canes.
1117 2217 1121 2224 ,

406 2243 457 2306 Sic
480 2239 577 2323 lupus.
603 2249 632 2315 et
654 2249 759 2322 turpes
782 2245 895 2305 instent
917 2241 1115 2304 morientibus
1139 2243 1218 2325 rrrsi;

450 2327 487 2391 ut
509 2343 706 2409 quaecunque
729 2329 828 2391 rriinor
851 2328 1008 2392 nobilitate
1031 2331 1103 2391 lero.

408 2415 470 2477 lam
493 2414 588 2474 nostri
611 2416 731 2492 periere
753 2415 853 2485 duces,
876 2417 994 2496 periere
1017 2413 1157 2484 Quirites,
1347 2423 1382 2473 ao

450 2496 525 2567 Quis
547 2503 686 2557 numeret
706 2495 829 2567 validos,
853 2500 904 2577 qui
927 2496 1073 2568 cecidere,
1098 2497 1209 2559 duces?

410 2581 537 2641 Causam
560 2582 715 2658 quaerenti
737 2583 885 2642 nescirem
909 2582 1019 2650 dicere.
1043 2598 1138 2660 quare

449 2663 504 2724 Est
525 2663 610 2724 luror
632 2665 664 2724 in
689 2682 789 2739 curren,
812 2667 864 2742 qui
886 2667 1004 2726 ratione
1026 2674 1118 2725 earet.

410 2747 447 2808 Et
469 2747 539 2828 quid
565 2749 754 2826 perlicinrusl
777 2751 842 2810 sine
865 2750 964 2810 lructu
988 2749 1111 2811 Graecia
1133 2758 1255 2830 pugnat,

452 2831 517 2894 Non
542 2851 598 2915 pro
621 2833 730 2895 iuturis
752 2832 852 2896 littora
877 2833 976 2895 bithus
998 2843 1073 2894 arat.
1333 2843 1382 2894 100

407 2918 546 2980 Forsitan
570 2921 600 2980 in
626 2917 758 2981 medium
782 2919 909 2981 Ledeem
932 2937 1047 2999 ponere
1071 2919 1167 2992 vultis,

450 3003 594 3082 Turpiter
617 3022 651 3065 ex
676 3003 790 3066 Graeca
812 3007 852 3068 sit
873 3006 942 3085 quia
964 3014 1047 3086 rapta
1072 3005 1170 3067 eloneo.

408 3087 484 3160 Quid
508 3092 636 3153 miscere
655 3088 739 3170 juvat
761 3094 831 3162 iras,
855 3090 1059 3172 Helenamque
1083 3099 1185 3153 tenere

454 3174 486 3236 ln
508 3176 618 3246 medio,
642 3186 746 3237 nostro
768 3178 807 3238 slt
828 3179 898 3258 quia
923 3185 1016 3238 tracta
1040 3176 1115 3238 loco.
1207 3225 1214 3237 .

411 3257 463 3320 llla
486 3277 542 3321 nec
566 3269 611 3321 est
633 3269 737 3331 tracta,
761 3277 817 3322 nec
839 3269 935 3341 rapta,
958 3262 1010 3323 sed
1034 3261 1110 3323 lianc
1134 3260 1185 3322 ubi
1207 3261 1279 3322 vidit
1333 3272 1382 3320 105

451 3343 536 3406 illies
559 3354 589 3406 et
610 3342 719 3414 allexit,
743 3354 851 3426 sponte
875 3355 977 3408 secuta
999 3347 1066 3409 luit.

410 3428 545 3493 Ponatur
567 3437 652 3512 rapta
673 3431 753 3512 quod
777 3433 824 3502 sit,
848 3451 906 3494 non
929 3440 1037 3514 sponte
1059 3441 1175 3504 secula;

477 3618 519 3669 to.
537 3632 646 3684 mergo:
667 3618 766 3683 quibus
785 3619 861 3680 dicit,
879 3618 953 3674 nolo.
1006 3621 1047 3671 79.
1066 3615 1160 3671 Garrtlt.
1180 3619 1326 3673 Alexandr.
1345 3621 1383 3682 11,

408 3686 468 3736 308.
488 3686 531 3737 09.
568 3687 622 3736 Pro
641 3687 734 3750 putria
752 3691 829 3738 stare
848 3692 877 3738 et
894 3688 1004 3754 patriae
1023 3687 1121 3751 titulis¹
1141 3694 1170 3739 et
1188 3687 1292 3740 honore

566 3753 718 3818 Invigilare
739 3753 822 3805 decet

407 3817 449 3871 89.
470 3819 711 3884 melluspesrore.
780 3824 821 3872 03.
841 3824 882 3872 ul.
902 3820 953 3877 Or,
972 3823 1059 3872 'frist
1079 3821 1130 3884 Ill,
1149 3824 1174 3884 0,
1192 3825 1234 3873 tib.
1254 3827 1286 3874 30

510 3888 548 3936 At
567 3886 657 3952 lupus,
676 3891 704 3936 et
721 3893 816 3952 turpes
833 3889 941 3938 instant
959 3889 1141 3938 morientibus
1160 3890 1217 3938 rarsi

545 3953 583 4003 Et
601 3966 781 4018 quaeeunque
800 3955 888 4004 minor
905 3955 1054 4005 nobilitate
1072 3955 1132 4004 sera
1150 3963 1200 4006 eut.
