3426 4786
396 681 440 748 24
786 677 978 736 rmorarur

398 832 503 916 Vivis,
525 854 593 899 non
615 832 706 916 vivit,
728 833 838 912 sentis,
861 854 929 898 non
950 831 1092 898 formula
1113 833 1222 902 sentit.

397 917 506 996 Erras,
529 917 694 1017 deciperis,
718 917 779 983 sub
800 917 1077 1003 figmentoueubat
1099 917 1226 1004 anguis,

349 1024 386 1065 aa
399 1004 537 1090 Anguis,
560 1025 615 1103 qur
637 1003 760 1089 primae
782 1002 950 1088 subrepsit·
965 1002 1056 1088 origo
1078 1004 1203 1087 ruinae,

401 1088 501 1156 Virus
523 1111 579 1172 qu1
600 1087 725 1155 fraudis
745 1090 844 1173 spuit,
867 1087 988 1153 infudit
1009 1089 1231 1187 protoplastis,

401 1171 587 1239 insufflavit
607 1173 653 1239 sis
675 1177 825 1239 aeternae
847 1173 1004 1272 sulphura
1024 1176 1138 1238 mortis

403 1259 451 1323 Ae
473 1279 531 1343 per
553 1279 609 1324 eos
631 1279 760 1324 ornnem
782 1258 923 1344 deglutrt
944 1258 1179 1344 posteritatem.

402 1341 498 1423 Huic,
523 1365 588 1425 rex,
611 1343 691 1410 heu!
714 1343 825 1428 serris,
846 1342 923 1408 huie
946 1343 1065 1409 collum
1087 1343 1197 1410 nobile
1218 1343 1332 1428 flectis,

352 1450 389 1492 reo
403 1427 466 1496 Hie
489 1433 522 1495 ts
545 1429 726 1496 subiectum
749 1429 811 1495 sibi
833 1428 1000 1516 demerget
1021 1429 1080 1495 sub
1103 1431 1281 1510 Avernum,

403 1513 530 1582 Vermis
552 1516 608 1582 ubi
630 1515 741 1582 tundit
761 1516 903 1603 psychen
926 1515 1077 1602 ignisque
1099 1516 1231 1602 perurit
1297 1521 1373 1579 tw

403 1601 481 1670 Non
503 1604 641 1669 moritur
662 1603 793 1688 vermis,
814 1624 882 1668 non
905 1603 954 1669 vis
977 1603 1180 1689 extinguitur
1201 1603 1298 1690 iguis,

403 1687 465 1756 Est
486 1689 555 1764 sino
580 1689 709 1755 defectu
730 1688 886 1774 deiectus,
908 1710 996 1755 mors
1018 1689 1089 1755 sine
1110 1692 1226 1772 morte,

404 1774 466 1841 Est
486 1774 635 1841 infinitus
656 1775 747 1842 finis:
770 1774 848 1860 quid
871 1775 1010 1841 amarius
1033 1778 1083 1840 est
1103 1775 1180 1841 his?

354 1865 392 1906 ¹⁶⁵
407 1857 471 1926 Sed
498 1859 574 1925 dum
603 1864 731 1945 tempus
760 1859 875 1942 habes,
905 1860 1006 1944 hano,
1035 1881 1132 1945 quarn
1162 1859 1263 1947 geris,
1294 1879 1375 1926 exue

406 2028 561 2116 Consule,
583 2051 680 2115 parre
702 2030 774 2116 tibi,
797 2034 994 2110 convertere,
1017 1949 1232 2130 dloiidffialli,

390 2115 526 2192 ,Dasere
548 2117 636 2201 quod
657 2138 725 2183 non
748 2118 808 2200 est,
831 2120 868 2183 ut
890 2139 1001 2183 verum
1016 2117 1184 2266 (perorpias
1207 2121 1291 2182 ‘est’.

406 2200 484 2268 Non
525 2205 575 2268 est
616 2201 907 2287 ‘esse-quod-est’
950 2224 1014 2288 quo
1073 2202 1191 2287 eredis,
1227 2203 1283 2268 sed
1320 2206 1377 2268 tua

1020 2311 1107 2355 mors
1130 2297 1194 2355 est·

300 2382 305 2394 '
407 2371 718 2456 *essequod-esu
762 2372 841 2438 dous
884 2377 948 2458 est,
970 2373 1058 2468 'hoe
1099 2339 1205 2439 onmis
1247 2372 1378 2439 condita

1020 2464 1158 2522 resset·

358 2560 395 2600 rro
409 2539 444 2604 Si
465 2521 615 2616 videsne,
639 2538 721 2622 vida,
744 2538 821 2636 quid
844 2560 933 2623 agas,
956 2541 1107 2605 merearis
1129 2506 1168 2606 ut
1189 2561 1270 2623 esse,

408 2623 513 2689 Fonte
535 2622 671 2688 salutari
694 2623 813 2688 festrna
835 2623 1009 2707 purificari,

407 2705 459 2772 Ne
481 2707 550 2773 vita
571 2727 690 2789 careas,
713 2728 755 2772 ne
777 2707 870 2792 regni
893 2713 1022 2792 sceptra
1043 2709 1218 2794 relinquas,

408 2792 472 2860 Sed
494 2813 611 2878 regnes
632 2813 690 2878 per
712 2814 795 2878 eum,
818 2793 874 2878 qui
895 2813 953 2858 rex
974 2797 1023 2859 ost
1043 2793 1175 2880 vitaque
1197 2814 1323 2880 regum,

410 2877 473 2956 Qui
493 2878 551 2946 dat
570 2899 673 2966 regua
692 2878 809 2965 quibus
825 2879 896 2946 vult
917 2884 951 2946 et
970 2879 1126 2947 transfert
1144 2902 1182 2947 ea
1203 2902 1267 2966 quo
1288 2877 1379 2946 vult.

358 2987 396 3028 rra
409 2965 522 3032 Edidit
543 2965 622 3032 haee
643 2965 751 3050 heros,
773 2967 884 3051 paucis
905 2965 986 3032 haee
1007 2966 1148 3034 reddidit
1169 2967 1300 3034 archos:

409 3051 518 3138 ‘Novi
540 3053 617 3138 quid
639 3053 766 3139 oupias,
792 3074 874 3139 quae
895 3053 939 3119 sit
960 3053 1021 3120 tibi
1043 3059 1195 3140 prompta
1216 3053 1379 3139 voluntas,

409 3137 504 3206 Velle
526 3139 608 3204 mori
630 3141 697 3206 seio
719 3145 764 3223 te,
786 3162 854 3206 non
877 3141 1046 3226 continget
1067 3141 1128 3206 tibi
1149 3163 1208 3227 per
1228 3163 1291 3208 me.

410 3222 501 3303 Vivo,
524 3224 601 3289 lieet
621 3225 717 3309 nolis,
740 3225 885 3312 aequasti
907 3224 1032 3290 famina
1053 3225 1159 3292 factis.

408 3308 471 3375 Est
490 3309 690 3375 invincibilis
712 3309 773 3376 tibi
795 3311 854 3392 vis,
877 3311 1059 3376 constantia
1081 3311 1211 3397 mentis,

360 3416 398 3456 rso
412 3393 510 3461 Ocius
533 3415 611 3481 ergo
633 3394 712 3480 redi,
735 3394 774 3462 de
795 3396 917 3461 nostris
938 3395 1058 3462 finibus
1081 3399 1154 3462 exi’

411 3478 474 3544 Hie
496 3481 618 3579 primas
639 3484 750 3545 tantm
771 3481 964 3565 primatibus
987 3486 1037 3547 ost
1057 3481 1245 3564 imitandus,

410 3563 571 3629 Ethnreus
593 3564 775 3650 exemplum
798 3565 854 3631 dat
875 3563 1079 3632 Christicolis
1101 3566 1318 3632 recolendum.

410 3647 496 3716 Nam
519 3649 596 3734 quia
618 3647 769 3734 Spartani
792 3654 932 3716 sectatus
954 3651 1037 3717 soita
1058 3651 1200 3738 Lycurgi

410 3733 542 3801 Invenit
563 3735 660 3822 leges,
683 3736 799 3819 quibus
822 3735 919 3801 effera
941 3737 1167 3821 comprimitur
1189 3757 1290 3817 meus,

481 3874 529 3923 15⁷
548 3870 664 3924 eternae
684 3869 744 3925 GT
795 3875 844 3924 160
862 3869 1064 3924 Arvernnmd'
1116 3877 1162 3926 lsl
1183 3869 1308 3941 spyehen
1327 3869 1386 3925 GT

413 3941 461 3991 171
478 3934 531 3991 hoe
550 3935 610 4004 (tis)
630 3936 656 3990 Τ
724 3942 771 3992 178
788 3937 869 3992 nobis
889 3937 915 3990 Τ
948 3937 1059 4007 equasti
1078 3938 1104 3992 Τ
1160 3944 1208 3994 182
1226 3937 1384 3992 Hethniens

412 4002 471 4058 02¹
503 4002 706 4058 ChristiolisT
775 4009 823 4059 183
841 4004 957 4076 Ligurgi
978 4004 1036 4060 GT
