3368 4792
400 623 448 690 ‘52
723 625 787 678 ura.
805 625 840 680 11.
877 641 902 682 v.
921 626 1065 678 ssa-aro.

456 781 592 846 Dedecus
615 791 646 845 et
667 781 807 845 damnum
831 800 891 846 non
914 780 1066 844 toleranda
1089 780 1158 846 tilii:
1328 791 1379 843 385

414 870 474 934 Cur
498 880 556 932 tum
579 868 730 940 dedecori.
754 888 842 950 quam
865 868 985 950 damno,
1008 887 1083 948 qrrae
1107 870 1231 932 Graecia
1254 870 1342 933 nobis

454 957 634 1026 Promserat.
657 953 776 1018 ittudtst
818 955 899 1019 Ilaen
922 955 982 1017 duo
1003 955 1092 1019 'l'roia
1117 956 1192 1020 tulii.

406 1041 514 1106 Nonne
535 1053 652 1123 patrem
675 1053 811 1105 nostrum
835 1045 950 1105 Grneeo
972 1044 1031 1104 sois
1053 1062 1118 1105 esse
1141 1044 1331 1124 peremtum?

448 1126 603 1207 llosyonee
625 1137 743 1205 raptum
766 1129 938 1209 servitiique
957 1127 1081 1205 Jopumr

407 1209 465 1283 Qui
487 1212 691 1291 spoliaverunt
712 1211 789 1272 hano
812 1210 927 1282 urbem,
951 1228 1051 1272 nonne
1073 1211 1208 1291 Pelasgll
1327 1221 1379 1270 aso

456 1294 514 1366 Oui
537 1297 752 1374 confregerunt
773 1297 900 1366 moenia,
924 1313 1024 1358 nonne
1046 1298 1108 1357 tuii

411 1379 476 1442 lloo
499 1398 537 1441 ne
559 1389 755 1461 praeteream,
781 1383 914 1461 potuitne
936 1383 1031 1443 vietor
1053 1380 1136 1442 alrire

451 1464 592 1529 Pluribus
614 1469 732 1529 arnissis
753 1484 807 1528 rex
830 1477 905 1538 tuus.
929 1467 1020 1528 immo
1044 1467 1128 1548 oapi?

311 1627 317 1637 ι
408 1551 534 1633 Saepius
558 1552 724 1636 llesponem
748 1552 860 1615 irustre
883 1554 1093 1634 repetivimus;
1116 1562 1146 1614 at
1168 1560 1198 1615 tu

450 1638 521 1700 llieo
544 1640 588 1701 vis
610 1640 753 1701 llelenam
777 1648 807 1700 te
829 1642 975 1719 repetisse
997 1648 1088 1701 tuam.
1329 1648 1380 1698 aaa

410 1723 451 1785 lle
475 1733 571 1785 vestra
594 1726 677 1785 oanis
699 1723 748 1785 lrie
768 1722 844 1787 milri
866 1724 987 1805 praeda,
1010 1720 1131 1786 succine
1154 1732 1286 1786 nostram

453 1807 588 1880 Quando,
611 1809 721 1890 qulbus
743 1809 788 1870 vel
811 1809 862 1869 ubi
884 1811 1061 1871 restituistis
1083 1809 1169 1869 eaml

412 1895 547 1954 Antenor
569 1893 680 1954 missus
702 1911 718 1954 s
741 1891 828 1955 nobis
850 1911 905 1972 pro
927 1893 1090 1973 repetenda

451 1974 529 2046 Ouid
552 1977 620 2037 tulit
643 1977 797 2056 llesyonel
834 1975 989 2038 Scandaia.
1028 1977 1132 2039 Srione
1156 1976 1252 2060 bonel

409 2060 521 2123 llotulit
542 2061 594 2122 ille
616 2060 701 2132 nillil,
724 2071 933 2143 praeterquam
957 2063 1014 2125 tela
1037 2065 1200 2130 minarum;
1329 2072 1381 2122 400

453 2147 668 2230 Praeterquam
690 2147 801 2229 probra
825 2148 928 2212 retulit
950 2148 998 2210 ille
1022 2149 1104 2211 ninii.

408 2232 499 2298 Nune
519 2235 665 2298 Helenam
689 2237 800 2318 repetis
822 2244 853 2298 et
875 2237 918 2297 vis
941 2244 972 2296 ut
994 2236 1030 2297 ad
1053 2237 1151 2298 omnia
1176 2231 1287 2297 nnllam

454 2321 568 2386 Oderat
589 2323 746 2387 emendam
769 2324 903 2402 Graecia,
926 2322 1016 2406 Troja
1039 2342 1169 2404 grauem.

413 2408 609 2473 lieddidimus
631 2409 739 2488 simile,
763 2429 813 2472 uos
836 2409 1002 2492 llesyonem
1026 2412 1176 2490 rapuistis,

453 2494 514 2557 llos
537 2494 696 2563 lleienam;
719 2497 873 2576 proprium
896 2495 1020 2576 pertulit
1040 2507 1146 2557 auctor
1167 2513 1251 2576 opus.
1328 2506 1379 2554 ron

410 2579 491 2660 Lege
514 2589 565 2643 tua
588 2584 710 2662 peteris.
734 2600 790 2643 neo
812 2583 892 2643 enim
914 2579 962 2642 lex
985 2584 1110 2662 aequior
1134 2578 1207 2650 ulla:

456 2665 551 2737 Quam
574 2671 658 2729 neeis
680 2667 811 2728 artidees
833 2677 897 2727 srte
919 2667 1020 2747 perire
1042 2683 1105 2727 sua.

414 2750 446 2812 Si
469 2761 498 2811 te
521 2754 684 2815 conticeret
705 2748 833 2832 simplex
854 2748 974 2830 injuria,
997 2749 1080 2811 nullo

456 2837 660 2898 Praeoedente
682 2836 770 2906 malo,
794 2853 854 2916 quo
875 2843 1014 2915 paterere
1036 2835 1143 2897 modol

411 2921 503 2986 addis
525 2921 563 2982 sb
586 2922 655 2982 inde
677 2923 782 2989 minas,
804 2915 844 2981 et‘
856 2919 958 2982 stulte!
982 2918 1040 2989 dio.
1064 2938 1134 2997 age:
1158 2917 1278 2991 collum,
1330 2928 1381 2978 410

457 3006 490 3067 Si
512 3005 588 3078 volo,
612 3025 672 3068 non
695 3004 777 3068 valeo
800 3007 921 3083 cingere
944 3013 1024 3065 reste
1046 3005 1148 3065 tuum?

412 3089 579 3153 Verborum
603 3090 719 3170 depone
742 3090 832 3159 savos,
856 3089 930 3150 lraee
952 3089 1049 3150 littora
1072 3087 1186 3167 linque,

455 3175 609 3252 Spernunt
631 3173 785 3249 Argolicos
807 3173 908 3232 ilmina
930 3181 1030 3232 nostra
1054 3171 1157 3249 pedes.

413 3257 445 3318 Si
468 3275 572 3336 paoem
595 3257 714 3326 leceris,
737 3255 786 3315 hio
808 3257 969 3316 invenietis
989 3263 1020 3316 et
1041 3257 1149 3333 ipsam;

454 3341 486 3402 Si
508 3340 632 3420 gladios,
655 3339 771 3420 gladios
791 3341 949 3420 reperietis
971 3340 1052 3400 item.
1331 3347 1381 3397 tm

410 3479 615 3488 ——a———n—-n

478 3547 538 3602 080.
567 3542 633 3597 (lod.
652 3543 752 3600 illusit.
837 3545 896 3597 402.
926 3560 975 3612 pro
993 3543 1054 3599 eod.
1071 3541 1156 3594 nullo.
1242 3543 1300 3596 400.
1320 3543 1380 3598 eod.

412 3631 534 3685 grauem.
604 3617 664 3669 400.
682 3616 706 3669 l.
726 3612 809 3670 Ouid.
828 3614 880 3666 Are
898 3630 949 3669 em.
967 3613 990 3680 1,
1006 3615 1068 3666 005.
1085 3615 1118 3666 00

478 3685 577 3738 duetus
595 3691 712 3752 uterque
729 3685 793 3748 ruit,
811 3700 902 3752 neque
921 3686 993 3736 enim
1013 3685 1058 3736 lex
1076 3684 1191 3750 aequior
1208 3681 1269 3735 ullo

514 3756 603 3818 Quom
621 3755 698 3806 neeis
717 3753 839 3807 artilioer
858 3761 918 3806 arte
936 3754 1027 3820 perire
1045 3768 1105 3805 sua.

410 3827 470 3877 407.
498 3839 531 3876 ex
550 3823 653 3875 Ouidio
672 3827 701 3874 et
718 3825 843 3888 margine
859 3837 909 3888 pro
927 3821 1052 3874 ortilieis.
1122 3823 1180 3872 400.
1200 3820 1252 3876 Ov.
1269 3821 1382 3874 Heroid

411 3892 514 3954 xv111,
533 3895 575 3944 44.
594 3908 646 3959 quo
666 3897 725 3958 pet.
744 3891 816 3948 mod.
901 3893 960 3944 410.
984 3891 1051 3942 cod.
1070 3890 1155 3942 eadit
1235 3892 1295 3941 sm.
1314 3889 1381 3945 cod.

412 3961 531 4026 gladios,
551 3961 667 4026 glodios.
