3372 4788
643 765 932 826 eaomeounm.
1237 789 1277 840 ιχ

304 942 378 986 cum
393 920 473 987 Vita
485 921 626 988 Irminee
643 921 832 990 Theoderici
861 921 1025 990 Chronico
1041 922 1276 1008 Epternaceusi

303 1005 446 1072 eiusdem
461 1006 654 1074 Theoderici
675 1009 798 1074 inserte
819 1008 917 1094 (quae
939 1011 1027 1075 extet
1048 1010 1084 1074 in
1100 1009 1144 1075 Μ.
1162 1009 1201 1076 G.
1217 1009 1275 1078 ΒΕ.

304 1088 416 1156 XXIII
435 1112 512 1241 pag.
527 1091 672 1180 48-50)
693 1096 785 1158 extra
806 1093 1040 1159 dubitationem
1062 1093 1175 1179 poenit
1195 1092 1277 1161 Lod.

307 1173 433 1242 WeiIeu
457 1197 495 1243 us
511 1177 533 1242 l.
552 1177 574 1242 l.
589 1199 664 1263 pag.
680 1179 734 1244 40.
764 1177 855 1244 Idem
869 1178 920 1245 vir
940 1177 1053 1245 doctus
1075 1178 1278 1248 Sermones

303 1260 398 1328 duos
418 1263 462 1328 de
482 1267 715 1330 sanctorem
736 1264 928 1347 reliquiis
949 1268 984 1330 et
1004 1266 1276 1348 veneratione,

303 1345 358 1430 qui
380 1346 415 1412 in
437 1345 640 1415 Bibliotheca
660 1348 802 1414 maxime
822 1351 951 1449 patrum
986 1348 1108 1448 ed.·Iau
1133 1348 1163 1414 d.
1196 1350 1275 1417 lb‘I‘I

302 1433 379 1499 tom.
391 1431 456 1499 XII
468 1433 653 1523 417-419)
672 1435 733 1501 suh
748 1456 880 1501 nomme
890 1433 973 1501 Tmo
988 1433 1050 1501 riu
1065 1369 1194 1502 obbatis
1208 1435 1278 1502 vul·

302 1519 372 1603 goti
398 1523 492 1599 sunt,
526 1524 638 1586 nostro
669 1519 840 1587 Thioirido
872 1522 1026 1603 vindicat,
1064 1541 1137 1586 cum
1169 1521 1277 1606 ipsum

304 1603 440 1671 eandem
461 1607 631 1672 materiam
652 1607 687 1672 in
709 1607 801 1673 libris
822 1604 955 1673 Florum
970 1609 1124 1673 trectense
1139 1610 1275 1675 constet

388 1689 437 1757 De
461 1691 641 1778 codicibus,
672 1692 788 1779 quibus
811 1692 974 1759 Thiofridi
995 1693 1058 1759 sori
1081 1694 1190 1759 torum
1212 1711 1277 1760 me·

302 1776 404 1841 moria
425 1774 466 1841 ad
488 1798 548 1844 nos
570 1779 734 1862 pervenit,
759 1777 971 1845 conferentur
992 1777 1038 1844 M.
1059 1715 1101 1848 h.
1125 1777 1180 1846 SS.
1196 1783 1275 1846 tom.

301 1858 414 1927 XXIII
436 1883 510 1950 pag.
541 1865 580 1929 19
613 1866 646 1929 eh
679 1869 756 1930 tom
779 1862 859 1930 VIII
891 1885 966 1950 pag.
1002 1864 1077 1947 llb,
1111 1863 1150 1930 de
1179 1861 1276 1932 Vibae

302 1947 455 2015 metricae
478 1949 642 2016 codicibus
664 1949 752 2017 infre
798 1949 886 2017 uallo
909 1949 1012 2017 Iasius
1035 1954 1224 2037 exponetur.

386 2033 547 2102 Ineditam
570 2058 639 2103 esse
662 1973 892 2104 adhuchitam
915 2035 1069 2103 Liutwiui
1091 2037 1156 2104 iem
1178 2059 1216 2103 su
1240 2059 1277 2104 re

302 2122 1140 2276 ianuariarumabutatur
1177 2060 1276 2276 ab*

303 2296 371 2358 tum
394 2315 460 2359 eoo.
484 2293 558 2360 Iesu
580 2232 759 2379 testentugrl,
781 2300 819 2361 ut
841 2293 1032 2376 Weilandus
1055 2295 1075 2360 I.
1100 2295 1122 2361 l.
1145 2319 1166 2382 p
1212 2296 1276 2362 ,20

302 2375 393 2460 dicit,
416 2377 642 2463 Mobillouius,
665 2380 843 2464 Perierius,
861 2379 1017 2446 Murrius.
1056 2379 1152 2446 Vitae
1168 2315 1276 2446 IIuli-
1333 2403 1338 2408 ·

302 2461 408 2526 brordi
429 2463 596 2547 prosaicae
639 2463 791 2530 articulos
829 2463 1037 2612 uusdemxpca
1062 2463 1156 2530 .XII.
1169 2461 1274 2530 XXII.

301 2541 422 2619 XXIV.
444 2545 565 2611 XXIX.
701 2547 742 2613 II.
834 2548 923 2615 XIV.
1078 2544 1275 2636 .xxxv1)‚

301 2650 340 2694 ex
372 2629 488 2714 quibus
515 2631 656 2718 aliquem
690 2632 836 2698 fructum
864 2632 905 2698 ad
937 2629 1092 2697 historiae
1125 2631 1276 2698 notitiem

300 2714 554 2782 redundaturum
587 2722 753 2803 speraret,
785 2717 871 2803 typis
909 2716 1112 2784 excudendas
1150 2716 1276 2784 curarit

302 2799 381 2866 hud.
405 2800 596 2868 Weilandus
618 2802 639 2868 l.
662 2803 684 2868 1.
707 2824 781 2890 pag.
804 2803 942 2885 ‘ee-30,
965 2802 1092 2888 relique
1113 2801 1219 2869 adhuc
1240 2801 1276 2868 in

301 2885 399 2952 scidis
421 2888 534 2954 latent.
571 2887 680 2954 Vitem
702 2888 868 2956 metricam
890 2911 996 2975 nuper
1017 2908 1105 2954 anuo
1123 2883 1202 2954 1881
1225 2886 1276 2976 (in

303 2994 421 3074 propp..
447 2995 559 3124 gpmn.
592 2996 661 3062 reg.
694 2973 821 3075 'Iessea
866 2997 884 3041 e
918 2975 1027 3076 codice
1044 2972 1276 3075 'bibliothecae

300 3081 473 3245 stitit.
491 3058 794 3246 tibitibi
807 3059 1276 3246 „aasbiiiissbhtibhff

298 3230 373 3318 grah
395 3230 501 3299 adhuc
520 3253 680 3317 nusquam
702 3232 851 3317 impressi
873 3231 1031 3300 videntur.

387 3315 479 3404 Haec
500 3317 691 3404 habuimus,
714 3339 797 3470 puae
819 3318 855 3384 in
877 3319 1063 3385 universum
1085 3313 1124 3383 de
1147 3315 1277 3402 scriptis

304 3401 464 3470 Thioiridi
486 3426 661 3492 eorumque
677 3426 715 3471 co
738 3403 842 3472 icibus
858 3407 891 3471 et
906 3403 1101 3471 editionibus
1115 3401 1279 3470 efferenda

302 3496 497 3578 putaremus.
538 3489 635 3559 Nune
658 3494 765 3559 cetera
786 3492 886 3560 misse
907 3491 1064 3558 facientes
1086 3493 1120 3556 et
1140 3489 1176 3557 in
1197 3489 1277 3558 Vita

302 3578 449 3664 metrica,
473 3600 570 3664 quam
592 3579 679 3645 infra
701 3577 818 3646 edituri
840 3601 966 3666 sumus,
989 3601 1050 3646 nos
1072 3577 1276 3644 continentes

301 3685 499 3750 exponemus
519 3664 631 3750 paullo
647 3664 779 3731 uberius
794 3664 833 3731 de
850 3665 959 3732 codice
975 3663 1127 3732 Gothano
1161 3662 1196 3728 in
1212 3686 1276 3749 quo

300 3752 428 3834 praeter
450 3748 515 3815 alia
536 3748 698 3816 Thiofridi
721 3751 842 3835 scripta
868 3751 938 3817 eius
968 3749 1046 3816 Vita
1069 3713 1273 3815 WiIIibrordi

300 3836 434 3898 metrica
455 3838 554 3898 extat.
1080 3887 1082 3890 .

387 3915 487 3982 Liber
508 3918 563 3983 ilIe
586 3918 855 4002 pretiosissimus,
901 3917 934 3982 ui
956 3937 1091 3982 numero
1115 3914 1157 3980 70
1170 3915 1278 4000 signa·

303 4005 353 4067 tus
383 4002 418 4068 in
449 4001 646 4069 bibliothece
676 4001 781 4068 ducali
815 3939 969 4068 Gothana
1000 4003 1196 4082 asservatur,
1228 4001 1279 4066 est
1351 4029 1358 4039 ·

302 4089 581 4171 membranaceus,
611 4087 754 4155 infolio
785 4087 944 4174 scriptus,
972 4087 1125 4152 foliorum
1149 4087 1279 4152 eentum
