3372 4788
403 708 426 773 4
791 702 984 762 salonium

408 861 541 928 Femina
565 882 764 927 summorum
787 860 893 927 titulis
915 859 1053 947 insignis
1075 881 1220 946 avorum,

367 967 394 1009 as
407 944 560 1035 Wilgielo
584 946 684 1036 digno
701 946 837 1049 primati
858 946 970 1013 iuncta
990 945 1108 1013 marito

408 1032 485 1102 Non
507 1037 597 1100 aestu
620 1055 737 1118 carnis,
759 1033 815 1100 sed
837 1055 935 1101 causa
957 1033 1168 1120 posteritatis,

410 1120 494 1184 Dum
518 1121 573 1184 vix
597 1119 631 1185 in
653 1141 803 1185 somnum
825 1119 951 1186 laxaret-
972 1140 1062 1185 soma
1083 1118 1251 1200 tenellum,

408 1202 484 1268 Nox
507 1204 661 1269 subvecta
682 1203 786 1289 nigris
808 1223 882 1268 cum
904 1203 1019 1268 circuit
1039 1224 1114 1268 aera
1137 1203 1230 1288 bigis,

407 1285 473 1351 lvit
495 1287 529 1351 in
552 1286 719 1353 aethereos
740 1286 890 1372 vigilanti
911 1291 1041 1386 pectore
1067 1286 1183 1372 cyclos,

369 1369 555 1454 rolnspexit
577 1370 704 1456 gelidae
726 1370 820 1456 quasi
840 1393 931 1436 nasci
954 1392 1075 1437 cornua
1097 1371 1204 1454 lunae,

409 1453 569 1533 Crescere,
593 1455 719 1521 curvari
741 1455 901 1556 plenoque
924 1455 984 1522 suh
1006 1455 1084 1522 orbe
1106 1457 1206 1522 rotari

411 1542 460 1606 Ac
481 1561 540 1626 per
561 1541 683 1607 zodiaci
705 1546 907 1607 contermina
928 1541 1022 1608 antlia
1042 1541 1140 1626 volvi,

311 1674 316 1685 .
408 1625 448 1691 In
470 1647 530 1692 aua
553 1627 723 1714 praecipiti
744 1648 841 1693 cursu
862 1627 1052 1713 praecordia
1073 1625 1140 1694 labi

409 1709 514 1797 Seque
536 1712 610 1778 rubi
633 1713 734 1812 typici
757 1712 894 1778 flammis
916 1713 1101 1779 insontibus
1123 1713 1183 1779 uri.

369 1819 396 1862 aa
409 1795 480 1863 Nec
501 1818 612 1879 mora,·
624 1797 799 1864 visceribus
821 1797 933 1865 calidis
955 1802 1121 1865 exaestuat
1141 1798 1244 1884 alvus,

329 1911 332 1922 ·
411 1880 582 1948 &maduit
603 1887 726 1968 pectus,
750 1884 857 1968 quatit
877 1905 915 1948 ae
939 1906 974 1949 er
994 1883 1157 1950 anhelitus
1179 1887 1280 1968 artus,

411 1964 545 2032 Sudoris
566 1965 658 2032 fluidi
681 1967 844 2033 fluxerunt
865 1905 1007 2068 anulique
1028 1969 1100 2033 rivi.

409 2050 549 2118 Niotana
571 2052 674 2118 erexit
695 2073 739 2132 se,
762 2052 848 2120 lecto
871 2053 1031 2140 proripuit
1052 2075 1086 2119 se

410 2135 487 2204 Non
510 2157 667 2204 concussa
687 2139 805 2223 minus,
827 2159 924 2226 quam
944 2140 999 2226 qui
1019 2139 1160 2206 tonitrus
1180 2137 1269 2227 lngit
1287 2139 1383 2207 ictus.

371 2249 397 2289 n
411 2221 558 2309 Cumque
580 2223 640 2290 sub
663 2229 776 2291 exorto
798 2225 935 2292 rutilans
959 2225 1143 2292 Leucothea
1164 2225 1297 2293 Phoebo

411 2307 571 2375 Proderet
593 2309 794 2376 Amhrcnum
816 2309 921 2378 soclus
945 2310 1084 2396 exitiale,
1107 2315 1288 2398 cruentum,

410 2394 530 2461 Pandit
550 2395 686 2463 horama
707 2397 777 2462 viro
801 2396 927 2463 cuidam
949 2399 1069 2464 virtute
1090 2397 1241 2481 rotundo,

413 2483 462 2546 Ac
482 2479 590 2546 licitos
613 2481 711 2567 lepidi
734 2481 920 2566 complexus
942 2479 1030 2548 lassa
1052 2483 1159 2548 mariti

412 2561 566 2630 Nondum
589 2563 721 2632 formati
743 2565 860 2631 didicit·
876 2567 1050 2651 praeconia
1071 2568 1141 2632 nati

374 2675 401 2716 a
416 2647 481 2716 Ore
501 2649 684 2736 prophetali
707 2649 835 2736 digesta
856 2651 916 2717 snb
938 2651 1052 2717 ordine
1073 2651 1147 2717 tali:

411 2733 570 2800 ‘Phoebes
593 2735 822 2822 chrysocomes
844 2735 960 2822 globus
983 2737 1018 2802 in
1039 2758 1074 2801 se
1100 2737 1216 2821 plenus
1238 2740 1272 2803 et
1293 2738 1328 2802 in
1349 2741 1382 2804 te

412 2819 514 2886 Filius
536 2824 587 2887 est
607 2819 701 2906 lucis,
719 2823 830 2909 »paries
852 2844 949 2908 quem
969 2821 1038 2888 tilia
1060 2820 1152 2888 lucis.
1298 2829 1379 2890 tce*

411 2904 496 2973 Solis
518 2905 660 2972 iustitiae
682 2908 777 2972 iubar
797 2907 851 2973 hic
874 2908 924 2974 sol
946 2909 1054 2974 exeret
1076 2909 1111 2974 in
1133 2929 1178 2994 se,

412 2989 557 3058 llxcellet
577 2992 729 3058 homines
751 2997 789 3058 ut
809 2993 919 3059 stellas
941 2993 1018 3059 luna
1040 2993 1192 3060 minores.

373 3103 402 3144 so
414 3075 528 3144 Noctis
549 3081 583 3143 et
603 3083 641 3143 ut
661 3080 810 3144 tenebras
831 3078 935 3165 abigit
955 3078 1118 3145 Phoebeia
1132 3080 1277 3165 lampas,

412 3160 466 3227 Sic
487 3163 577 3227 verbi
600 3163 699 3228 radiis
722 3162 871 3228 excludet
891 3162 1004 3229 nubila
1024 3165 1151 3229 mentis.

413 3242 548 3309 Perdius
570 3249 604 3309 et
623 3267 747 3329 pernox
770 3267 900 3392 operam
924 3247 1025 3328 dabit,
1047 3251 1085 3311 ut
1104 3251 1220 3330 pereat
1240 3267 1317 3328 nox,

412 3327 485 3392 Nox
507 3327 644 3413 psyches
667 3329 768 3395 aciem

414 3412 577 3499 Asperget
598 3413 703 3479 cordis
726 3435 857 3499 campos
879 3435 1048 3500 aspergsne
1071 3415 1161 3499 roris,

375 3527 401 3568 m
415 3495 510 3564 Rcris
532 3498 695 3583 paracleti,
718 3521 782 3584 quo
805 3521 896 3564 mens
918 3499 1016 3565 alitur
1038 3499 1249 3578 microcosmi,

807 3351 925 3395 uacans
948 3329 1086 3429 caligine
1107 3329 1254 3396 technae.

481 3691 516 3743 tt
534 3685 721 3768 Wilgisilol'
786 3691 820 3743 28
837 3686 936 3760 nigris]
960 3687 1048 3762 pigris
1075 3688 1132 3745 (Μ’
1161 3756 1167 3769 ⁸
1200 3693 1233 3745 88
1254 3686 1387 3770 precipiti

415 3754 475 3811 GT
507 3753 709 3827 precordiali
778 3761 812 3810 86
839 3755 962 3827 egarG
1031 3763 1063 3815 87
1090 3757 1180 3828 lluidr]
1207 3775 1247 3814 aa
1278 3756 1385 3829 gelrdw

412 3830 447 3880 40
465 3823 626 3880 Phachotl
663 3823 804 3881 PhehoT
858 3831 890 3881 41
910 3824 1028 3882 exiciale
1048 3823 1107 3882 01¹
1161 3833 1195 3882 Ω
1213 3842 1311 3883 oroma
1329 3825 1387 3882 01¹

413 3898 448 3948 tt
485 3893 601 3948 reconia
624 3892 682 3948 GT
748 3898 782 3976 49
800 3891 930 3950 Phoebea
955 3894 982 3949 0
1016 3893 1174 3951 PhebesT
1269 3910 1385 3951 ocomae

415 3959 446 4082 ξι
467 3962 859 4100 οιοΙιιιιὶῖὶιᾙωῠξἛὲῗηῖ
866 3968 958 4085 θΤω
979 3962 1386 4101 ὀξΟὲῗιῇοὗϋΡέῗὶιῗιγξτέ
