3340 4788
411 617 473 685 106
718 618 780 674 ute.
798 618 847 673 ιν.
882 634 909 677 v.
928 619 1072 673 roe-1⁶4.

452 775 620 858 Vapperum
643 773 735 836 sociis
756 772 932 836 lubricitatis
954 774 1026 836 iter!

409 862 548 942 Europae
571 878 656 923 mens
678 867 732 930 est,
755 866 789 920 ut
810 859 920 922 femina
943 861 1040 940 turpia
1062 858 1180 920 honesti

452 946 486 1008 ln
509 943 671 1008 thalamum
693 943 805 1015 redeat,
828 946 866 1008 eit
887 946 971 1027 quasi
994 947 1087 1024 virgo,
1111 946 1175 1006 viri.
1258 1003 1263 1022 ,
1333 953 1383 1003 140

410 1031 477 1094 Non
500 1029 579 1092 bene
602 1029 790 1100 conveniunt,
813 1047 871 1091 neo
889 1031 919 1091 io
943 1047 1001 1090 une
1023 1027 1095 1090 sede
1118 1037 1276 1091 morantur

454 1114 505 1175 Vir
528 1117 605 1175 vitae
629 1113 794 1195 speculum,
817 1115 928 1175 ieminn
952 1113 1008 1174 riie
1030 1112 1134 1178 lutum.

410 1197 447 1260 Et
470 1216 530 1278 rotas¹
546 1200 667 1278 egregie
690 1215 867 1278 pugnamus,
889 1200 942 1279 qui
965 1197 1129 1276 repetente

454 1283 514 1346 Noe
536 1286 619 1363 ipsos
641 1283 693 1346 tali
715 1301 769 1365 pro
792 1281 919 1346 muliero
942 1282 1056 1346 demus.

411 1369 492 1433 Haec
513 1366 541 1432 ei
563 1369 668 1432 militia
690 1371 729 1431 eit
750 1368 876 1432 honesta
897 1367 1004 1440 videto.
1027 1368 1135 1442 ridete,
1333 1377 1383 1427 tto

455 1455 488 1520 Si
510 1454 602 1520 denus
624 1465 677 1528 oet,
701 1457 801 1520 causis
824 1453 931 1520 talibus
952 1473 1035 1518 artua
1058 1454 1140 1518 dare.

412 1540 546 1606 Militiam
568 1544 611 1606 sio
633 1541 702 1606 noio
724 1543 818 1626 aequi,
841 1561 893 1605 voe
915 1561 987 1624 ergo
1009 1541 1107 1607 redito

456 1630 494 1694 Et
515 1632 581 1711 rogi
603 1630 712 1694 mentis
735 1640 802 1692 rote
826 1631 938 1693 referte
960 1647 1055 1693 meae.

413 1718 491 1779 Trea
515 1734 601 1778 uerso
624 1716 743 1779 rediere
765 1715 869 1795 gradu,
892 1717 1017 1798 regique
1039 1733 1218 1796 responsum

456 1801 558 1866 ttttitts
581 1809 750 1883 apportant.
774 1801 915 1884 quotque
937 1803 1039 1864 venire
1062 1811 1161 1881 neget.
1337 1807 1387 1858 too

560 1948 760 2006 consaluti
777 1948 984 2006 Pntnctnutt
1002 1948 1239 2007 unanconutt.

413 2057 526 2122 Accitis
549 2054 677 2120 ducibus
698 2074 762 2128 rex,
786 2074 820 2118 re
842 2075 933 2139 super
955 2057 1013 2120 irae
1035 2057 1106 2138 quid
1129 2065 1245 2137 agatur,

458 2142 604 2204 Obeeeret
626 2145 744 2204 interne
768 2140 901 2222 pendero
923 2161 1074 2224 quemque
1097 2141 1184 2204 libre.

412 2227 459 2291 Ne
482 2244 651 2307 paveamus,
675 2227 716 2289 ait
737 2227 899 2299 Menelaus,
923 2235 1047 2308 propter
1068 2226 1229 2298 notantem

457 2311 606 2394 Prospera
627 2312 791 2375 suecedent
812 2323 933 2392 praeter
956 2311 1076 2375 tcutttis
1099 2331 1210 2394 opem„

413 2396 586 2459 Attemtabo
607 2399 716 2466 virum,
738 2397 764 2458 ei
786 2397 864 2459 iorte
885 2398 1044 2472 reflectere
1066 2399 1194 2479 possim
1340 2405 1387 2455 too

458 2479 490 2542 Si
514 2497 584 2552 non.
607 2479 802 2560 praestabunt
822 2482 939 2562 proelia
962 2490 1064 2544 nostra
1088 2479 1188 2543 modo.

415 2565 546 2627 lieetore
566 2564 656 2646 Troje
679 2573 770 2636 earet,
794 2583 854 2628 non
877 2574 923 2628 ost
945 2563 987 2627 ibi
1009 2565 1096 2628 iortie
1119 2574 1152 2629 ut
1173 2565 1294 2634 Hector,

447 2649 604 2711 aeacides
627 2647 713 2710 nobie
734 2650 813 2711 desit
835 2660 867 2712 ut
889 2650 1002 2712 Hector-
1023 2651 1075 2712 eie.

406 2734 482 2799 ·Non
505 2733 613 2814 probat
635 2733 767 2800 edietum
790 2735 948 2798 Diomedes
970 2735 1043 2797 hoe:
1067 2734 1247 2816 Troiiusque

458 2818 524 2881 Non
547 2817 638 2882 habet
660 2821 785 2883 iniurius
808 2820 937 2883 Hectore
960 2819 1063 2891 robur,
1086 2821 1137 2882 eit.
1338 2827 1390 2878 160

416 2903 498 2968 Belia
520 2913 592 2985 puto
614 2903 751 2987 sepellre,
775 2904 884 2967 bonam
907 2907 1087 2988 conquirere
1110 2923 1230 2987 paoem:

459 2990 498 3052 Et
517 2990 692 3053 Laertiades
714 2991 890 3055 tostiiieotur
911 2991 1003 3054 idem.

415 3076 482 3139 Non
505 3073 612 3140 tuotsee
634 3077 736 3158 nudet,
760 3077 812 3140 sed
836 3096 896 3141 non
918 3077 1051 3141 incidero
1073 3076 1194 3149 tutum

459 3162 532 3225 Cum
555 3164 648 3226 suerit
670 3163 756 3225 ludus
779 3167 921 3246 optimus,
945 3163 1021 3226 abde
1043 3163 1147 3245 pilam.

486 3333 544 3384 166.
561 3332 694 3399 marginis
717 3331 853 3385 eohoiion.
876 3347 978 3400 vappa.
1002 3333 1079 3399 gluto
1103 3332 1147 3385 vei
1165 3332 1260 3400 gnreio
1278 3331 1388 3384 bibulus

416 3398 462 3451 uel
480 3398 591 3452 nebulo.
663 3402 720 3456 141.
739 3400 790 3454 Or.
808 3401 861 3451 Are
878 3401 931 3465 111,
949 3403 999 3454 466

630 3467 663 3506 ὲ
683 3473 711 3520 et
728 3469 758 3519 in
776 3468 854 3519 nulia
872 3467 939 3521 eade
957 3473 1081 3522 moratur
1099 3485 1176 3522 amor

416 3537 474 3590 161.
495 3535 591 3591 Gualt.
608 3535 687 3591 alex.
706 3538 755 3600 IV,
776 3539 832 3594 too.
853 3539 884 3589 10

826 3633 861 3644 -
877 3633 909 3644 ·-
929 3608 1023 3660 eituiia

484 3673 518 3726 ln
537 3679 645 3727 eoetum
664 3674 788 3740 dueibue,
807 3675 937 3742 quidnam
956 3691 1038 3742 stipor
1055 3675 1098 3728 hie
1116 3677 1154 3728 ιί1
1172 3673 1315 3742 agendum.

417 3743 475 3799 tot.
494 3738 632 3810 Marginie
655 3743 795 3796 oeholiom
823 3743 921 3796 Uttxeo
944 3744 1016 3796 flttua
1038 3744 1158 3795 Laertie.
1245 3745 1301 3798 166.
1320 3743 1384 3796 Hor.

351 3864 353 3868 ,
415 3810 505 3876 Epist.
524 3812 546 3874 Ι,
567 3813 608 3875 14,
627 3812 660 3864 66
679 3811 736 3863 Nee
755 3811 857 3862 lueieae
875 3813 969 3878 pudet,
988 3812 1037 3864 eod
1055 3827 1111 3863 oon
1129 3811 1250 3865 inuidere
1268 3811 1361 3862 ludum

417 3876 752 3944 184.Apud(iartnerumr
766 3879 958 3931 Proverbialio
969 3881 1035 3931 tort
1044 3894 1070 3944 p.
1082 3881 1129 3931 116
1140 3879 1282 3934 invonitur
1291 3878 1386 3930 eadem

415 3947 570 3998 sententiar
589 3945 662 3997 Dum
679 3945 761 3997 indue
779 3945 935 4010 bonusest,
953 3948 1042 4013 ipsum
1060 3945 1201 3997 dimittere
1219 3945 1260 3998 iae
1278 3951 1329 4000 eet.
