3372 4788
579 715 640 772 mo.
659 715 692 772 v.
728 732 754 768 v.
772 720 919 773 oro-ese.
1179 717 1242 786 159

268 873 312 936 'l'e
334 867 431 947 docel,
455 894 473 938 o
495 874 631 938 Priame!
653 893 711 955 pro
732 876 856 938 loedere
878 878 987 940 urentis
1010 895 1146 949 acumen,

311 959 411 1023 Possis
433 958 556 1023 hostiles
579 968 611 1022 ut
633 977 790 1022 remouere
812 961 915 1042 pedes.
1189 971 1242 1021 880

270 1043 302 1104 Sl
325 1047 445 1116 mimus,
469 1041 545 1103 velle
568 1042 723 1120 riebemus,
747 1044 824 1106 loric
846 1045 979 1106 velemus

311 1122 473 1190 Consilium
496 1145 589 1207 super
611 1127 667 1189 hec
689 1145 723 1188 re
744 1129 881 1210 reperire
903 1136 1013 1190 retum.

269 1211 299 1272 Si
323 1211 441 1283 scirem,
465 1208 581 1290 vellem,
605 1212 683 1291 quod
707 1210 803 1275 debeo
826 1212 982 1275 commoda
1005 1213 1086 1274 ierre

263 1331 266 1338 ·
311 1295 434 1359 Civibus
457 1305 487 1360 et
508 1297 614 1359 mortis
637 1296 773 1361 hostibus
796 1316 884 1361 omne
907 1315 1012 1377 genus.

268 1381 334 1444 Non
357 1400 477 1463 possum
502 1399 599 1462 neque
617 1390 647 1445 tn
663 1391 758 1463 potes,
782 1384 883 1446 erexi
905 1383 957 1446 secl
975 1402 1073 1466 neque
1086 1382 1176 1465 'froja
1189 1391 1240 1443 880

311 1468 372 1532 Nec
395 1468 520 1533 collecta
543 1469 633 1532 simul
656 1471 751 1551 patria
775 1477 836 1533 tota
858 1477 966 1552 potest.

269 1553 354 1626 Quorl
376 1573 436 1618 non
460 1556 618 1637 possimus,
643 1573 788 1637 praesens
810 1555 918 1639 probat
940 1557 1069 1638 impetus
1091 1555 1197 1629 bostis,

312 1643 368 1716 Qui
391 1661 523 1723 campos,
546 1659 649 1705 muros
671 1650 799 1725 occupet
821 1652 911 1726 atque
933 1643 1026 1707 iores:

269 1730 402 1808 Occupat
425 1738 456 1790 et
477 1725 609 1808 Troiam,
633 1728 771 1791 violentis
793 1727 916 1792 ausibus
939 1735 1043 1800 arctat,

311 1813 393 1885 Quos
415 1820 449 1876 ut
470 1810 646 1894 compulset,
671 1812 795 1877 brachia
818 1831 907 1876 nemo
930 1813 1015 1876 levat.
1190 1819 1243 1871 880

269 1900 332 1965 lloc
354 1901 428 1971 scio,
451 1898 530 1981 qrrotl
554 1902 654 1982 rapuit
676 1899 819 1964 llelennm
835 1900 936 1974 Poris,
960 1917 1026 1964 esse
1048 1898 1192 1970 lutosum:

312 1986 432 2050 Crimen
455 1985 605 2066 legitimos
628 1994 674 2050 est
696 1987 808 2050 violare
831 1987 944 2054 thoros.

270 2071 404 2156 Amplior
426 2075 551 2135 accessit
572 2073 714 2144 amicitia,
738 2075 816 2157 qnod
841 2074 1007 2136 venientem

314 2159 350 2221 Et
372 2157 488 2221 barinis
510 2177 652 2239 sponsam
674 2159 764 2241 Trojn
787 2163 904 2241 recepit
926 2178 1009 2232 eam;

270 2245 405 2318 Maxima,
428 2242 509 2325 quod
532 2243 639 2322 gladiis
661 2244 741 2307 illam
765 2244 966 2320 defendimus,
989 2261 1084 2307 antros
1192 2251 1242 2302 880

313 2327 461 2390 Mortibus
482 2335 514 2388 et
535 2326 623 2391 bellis
645 2330 848 2391 continuando
871 2327 984 2390 necem.

270 2413 376 2475 Omnia
399 2410 529 2490 Trojano
552 2413 741 2491 perfodimus
764 2431 832 2475 arva
855 2429 973 2482 cruore,
1008 2447 1009 2451 =

313 2495 404 2558 Sudat
427 2505 507 2558 terra
531 2495 681 2576 Phrygum
705 2496 861 2559 luxuriosa
884 2515 974 2565 nece:

270 2580 381 2643 Omnes
403 2578 598 2662 perdidimus,
622 2580 725 2644 lrabult
747 2600 823 2663 quos
846 2582 939 2661 patrie
962 2582 1072 2648 lortes;

312 2666 368 2737 Qui
394 2683 450 2730 nos
472 2667 641 2746 praecedet,
666 2687 754 2731 uerno
777 2673 929 2749 superstes
953 2668 1018 2728 erit.
1192 2672 1244 2723 tio

271 2752 418 2833 Argolicis
441 2761 488 2815 est
509 2751 605 2818 robur
627 2753 724 2817 adbuc
746 2761 776 2816 et
799 2751 904 2816 bellica
929 2753 1030 2822 virtus,

314 2837 449 2902 illusisse
471 2841 557 2918 gnari
581 2841 693 2921 proelia
717 2841 798 2902 lerre
820 2841 884 2901 riri.

271 2925 325 2988 list
346 2928 549 3003 Agamemnon
572 2925 624 2997 ibi,
648 2926 801 2988 blenelaus
823 2925 934 2988 robore
957 2924 1053 2994 tortis,

315 3009 399 3092 ajax,
422 3009 564 3074 Aeacides
586 3011 720 3093 Pyrrlrns
743 3020 773 3074 et
794 3014 859 3093 ipse
880 3010 994 3080 Thoas:

271 3095 380 3158 Nestor
401 3098 453 3179 qui
475 3104 542 3158 rate
564 3096 744 3178 prudentior
767 3107 821 3168 est,
846 3105 877 3159 et
900 3095 1008 3165 Ulixes,
1194 3100 1246 3151 840

314 3182 405 3245 Gerins
428 3181 574 3245 calliditas
596 3183 652 3244 seit
675 3182 831 3245 terebrare
853 3189 968 3264 petram

273 3267 309 3330 tn
330 3267 440 3349 proles.
464 3266 572 3350 quibus
596 3276 643 3331 est
666 3270 778 3332 lamosa
801 3269 907 3350 peritia
932 3265 1002 3329 belli

315 3354 452 3418 Nondum
476 3355 619 3427 distincti,
644 3356 839 3438 repuiuntnr
862 3353 921 3427 ibi;

272 3441 309 3504 Et
330 3442 401 3515 scio,
425 3443 450 3504 si
473 3449 577 3506 eontra
601 3441 675 3505 tales
697 3443 821 3521 accingo
844 3458 1027 3509 mueronem.

315 3529 391 3592 Saxo
414 3549 514 3592 meum
538 3532 638 3592 reiero
661 3547 768 3593 rursus
790 3528 826 3592 nel
851 3529 909 3590 icta
932 3526 1050 3609 perlem.
1192 3531 1244 3583 800

274 3615 395 3680 Scilicet
418 3623 450 3680 ut
472 3619 567 3679 vietus
589 3619 699 3698 repetit
721 3614 868 3696 gladiator
890 3630 1011 3676 arenam

316 3702 353 3766 Et
375 3704 505 3766 reditio
530 3702 660 3766 tumidas
682 3703 825 3782 naufraga
849 3701 958 3783 puppis
982 3714 1081 3778 aqueas.

272 3841 475 3851 Μ.-

342 3927 401 3977 888.
437 3921 572 3988 Pamphil.
604 3921 693 3984 XXX,
716 3923 741 3973 4.
846 3919 973 3971 uuo-nt.
1009 3913 1088 3967 ovio.
1110 3913 1192 3964 Triat.
1211 3911 1247 3970 ll,

274 3991 560 4126 ffilffipuxztlffm
578 4005 628 4056 pro
646 3989 734 4040 nostri
753 3987 878 4052 „menm“
898 3990 927 4036 et
945 3983 1016 4050 „ut“
1035 3983 1164 4048 leguntur
1176 3993 1249 4045 „mn
