3368 4792
401 611 444 676 28
725 607 788 658 555.
807 606 828 662 1.
862 621 888 660 v.
906 607 1050 659 ate-atr.

404 769 539 850 Augebat
561 784 719 830 numerum
743 763 839 828 duieis
862 766 994 828 mixtura
1017 765 1159 836 uirorum,

447 852 505 927 om
528 854 565 917 de
588 853 744 917 Paeonicis
766 853 911 915 introiere
933 850 1018 924 loeis,
1322 858 1375 909 ouo

405 945 443 1009 Et
466 962 520 1026 por
542 940 743 1006 Alexandrum
766 950 837 1003 sunt
860 938 1107 1022 Deiphobumque
1132 939 1226 1000 aureati

447 1030 570 1095 Consilii
593 1031 733 1110 prompti.
757 1029 934 1090 strenuitate
957 1025 1053 1109 probi.

404 1116 499 1178 Totus
520 1115 557 1177 ad
579 1133 662 1176 arma
685 1111 763 1173 volat
785 1115 942 1183 exereitus,
966 1131 1048 1172 arma
1071 1121 1184 1172 vetusta

446 1199 597 1268 Furiurat.
621 1207 655 1260 ut
676 1200 805 1267 niteant;
829 1199 859 1257 in
882 1197 1041 1276 dumisque
1064 1197 1179 1276 probat.

407 1285 553 1348 Omnibus
575 1302 633 1346 una
656 1286 751 1362 quies,
774 1300 900 1362 operum
924 1281 1008 1344 labor
1031 1281 1171 1343 ouantibus
1193 1297 1279 1354 unus,
1326 1291 1377 1341 505

450 1370 586 1432 Dedecus
608 1369 720 1438 rrieisei,
745 1369 864 1430 vincere
886 1369 948 1428 sire
970 1371 1058 1429 riaori.

406 1456 468 1520 ibex
493 1455 630 1518 Paridem
654 1454 799 1534 praefecit
822 1456 866 1516 eis
889 1453 1037 1535 dixitque:
1061 1471 1206 1526 sororem,

449 1542 531 1605 Litus
554 1552 586 1604 ut
607 1542 751 1619 attigeris,
776 1543 874 1620 primo
897 1542 1019 1622 require
1042 1559 1149 1603 meam.

407 1627 492 1690 'l'oiie
514 1627 702 1710 requisitam,
725 1627 751 1688 si
773 1625 911 1698 reddunt,
936 1625 1032 1707 adjice
1054 1626 1130 1688 iacta

449 1715 482 1775 in
505 1732 559 1775 nos
583 1712 756 1792 obprobria,
779 1713 805 1774 si
827 1713 942 1774 variare
965 1713 1064 1774 veiint.
1326 1720 1378 1770 530

406 1800 437 1860 Si
462 1799 576 1862 variare
600 1796 700 1859 roiuut
722 1805 753 1858 et
773 1805 945 1860 restaurare
968 1796 1095 1879 pueliam

450 1883 575 1946 Caetera
597 1885 738 1952 sustineo,
763 1885 844 1961 pacis
866 1890 981 1944 amator
1003 1901 1065 1945 ero.

406 1969 439 2030 Si
462 1969 570 2039 minus,
594 1968 651 2028 boo
674 1975 793 2028 nostrae
816 1966 927 2029 reserat
949 1969 1009 2029 cito
1033 1969 1156 2029 numius
1179 1969 1260 2036 auri,

451 2053 563 2116 biittam
587 2071 654 2115 cum
677 2051 793 2114 ratibus
815 2070 897 2114 arma
921 2053 1059 2134 virosque
1082 2052 1147 2114 tibi.

411 2139 469 2202 Dat
490 2139 591 2201 Paridi
615 2138 749 2200 Priamus
772 2135 908 2199 Aeneam
933 2137 1153 2220 Pygmalionem
1329 2146 1380 2197 535

451 2225 611 2288 Consortes
632 2231 756 2303 5555555
778 2223 1025 2304 Deiphobumque
1050 2225 1122 2286 riae.

408 2312 499 2374 Grata
522 2311 555 2372 itt
577 2327 649 2374 5555
672 2309 760 2380 ireto,
784 2309 963 2372 subducitur
984 2328 1094 2372 ancora
1117 2311 1210 2372 tundo

452 2395 509 2457 Nat
530 2398 614 2457 naris
637 2397 665 2454 iu
689 2394 794 2474 pelago
818 2395 878 2456 reia
902 2395 1027 2456 vuirente
1051 2393 1150 2454 notbo.

409 2480 504 2542 Nauta
527 2479 676 2557 gubernat
697 2483 755 2540 iter
778 2481 945 2547 Antenoris,
968 2479 1018 2540 iiie
1041 2481 1172 2540 marianas

452 2563 580 2626 Noverat
601 2582 637 2625 ex
661 2582 716 2625 usu
739 2562 885 2625 reiiiieare
908 2565 978 2626 uias.
1329 2572 1381 2623 540

607 2745 668 2803 tttc
686 2745 792 2802 pultis
810 2745 926 2801 vstitu*
945 2745 995 2801 ab
1014 2745 1175 2802 POli'l'UM.

412 2871 552 2935 Nondum
576 2872 765 2950 contigerant
786 2871 956 2952 Cytiteram,
979 2873 1022 2932 sie
1045 2871 1141 2934 insuia
1164 2873 1242 2936 dieta

452 2957 515 3028 Est,
539 2965 568 3017 et
591 2973 699 3018 nomen
722 2955 774 3018 ab:
798 2975 825 3026 o,
850 2975 867 3016 o
891 2957 1034 3036 Cytherea
1057 2966 1148 3019 tenet.

410 3043 550 3106 Occurrit
571 3042 671 3103 Paridi
693 3041 853 3116 tranctans,
877 3049 992 3122 spectat
1014 3050 1144 3116 euntem,

450 3128 586 3198 Miratur,
609 3129 657 3186 eui
679 3128 716 3187 sit
738 3125 890 3196 deliciosa,
914 3137 1020 3188 ratem.
1327 3139 1379 3191 545

408 3211 539 3291 Oblique
562 3228 599 3272 55
617 3211 785 3287 respiciunt
807 3228 863 3270 nee
885 3221 992 3271 neuter
1015 3229 1119 3272 eorum

451 3295 503 3356 Est
526 3293 575 3356 aiii
597 3295 679 3355 nisus
702 3302 803 3356 mutua
828 3293 916 3356 verba
939 3293 1021 3372 ioqui

476 3467 534 3518 519.
553 3463 706 3516 Maximino
724 3459 746 3527 Ι,
764 3465 798 3515 29

550 3533 680 3601 Angebat
699 3533 824 3585 meritum
844 3533 933 3585 duleis
952 3533 1072 3584 mixtura
1090 3535 1232 3592 bonorum.

407 3606 465 3656 525.
483 3603 595 3656 Maxim.
616 3603 662 3667 Vl,
681 3603 697 3653 5

520 3671 656 3724 Omnibus
673 3676 718 3722 est
736 3671 834 3723 eadem
852 3670 903 3722 teti
920 3672 981 3735 νίας
1001 3687 1054 3722 505
1074 3676 1167 3724 tomen
1186 3688 1257 3726 unus

553 3741 604 3792 Est
623 3739 698 3790 vitae
718 3741 828 3790 cunetis
847 3739 981 3807 exiliique
999 3741 1097 3791 modis.

407 3810 466 3860 538.
485 3807 545 3864 eod.
558 3808 630 3858 volu.
684 3809 742 3858 542.
761 3807 827 3860 Cod.
847 3823 946 3859 nomen
965 3808 1000 3859 ab
1019 3809 1161 3860 ocbiaroe
1174 3815 1264 3861 tenes.
1278 3811 1379 3876 biarga

407 3893 424 3927 o
443 3875 572 3927 obitaree
584 3876 687 3927 Venus.
727 3878 787 3927 544.
805 3881 916 3928 euntem
930 3891 963 3927 ex
975 3878 1101 3943 margine
1115 3893 1164 3942 pro
1178 3877 1283 3928 oodiois
1295 3893 1380 3943 ‚,sun·

407 3943 489 3996 dem“
509 3949 585 3996 reete
604 3945 678 3996 enim
696 3959 792 4010 margo
811 3949 944 4009 „euntem
963 3949 993 3995 et
1010 3961 1065 3996 nou
1083 3945 1308 3997 subsistentem“.
