3674 4790
467 653 488 718 6
864 647 1077 702 panormo.

469 805 595 867 tientom
617 820 713 881 usqne
736 801 775 863 od
797 821 826 863 r.
846 801 925 881 814,
954 797 1061 859 deinde
1084 795 1208 876 Georgii
1232 795 1431 858 Ghoeroboeoi
1454 794 1491 854 li·

468 905 584 966 bellum
611 902 648 964 de
676 901 772 980 tropie
796 903 829 963 et
849 899 964 977 liguris.
1006 897 1093 959 Folio
1115 898 1160 960 ite
1182 915 1315 960 oonnexe
1338 900 1423 974 eunt,
1455 898 1490 955 nt

471 1026 519 1070 vv.
535 1003 711 1068 308—436
735 1005 806 1080 poet
824 1021 851 1066 v.
868 1002 932 1065 724
956 999 1055 1062 loenm
1078 998 1217 1062 liobeont
1255 997 1365 1062 'lerini
1388 999 1490 1059 eutem

471 1123 616 1167 neronum
643 1104 734 1164 rubro
763 1102 862 1164 eolore
884 1118 1081 1178 personarum
1103 1100 1226 1160 nomine
1248 1103 1280 1161 et
1302 1099 1417 1164 otholia
1437 1097 1489 1158 fri·

471 1203 630 1281 gidioeime
658 1201 790 1277 eenripto
817 1202 899 1262 eunt.
939 1198 976 1257 In
1003 1202 1132 1274 utroquo
1156 1197 1256 1258 oodioe
1278 1196 1422 1274 permulti
1445 1214 1491 1256 ee

472 1302 577 1362 oentne
601 1303 633 1360 et
655 1300 781 1376 spiritns
803 1297 874 1359 selei
896 1299 1072 1375 ooourrnnt3
1096 1297 1173 1357 tolie
1194 1295 1289 1375 igitur
1309 1295 1370 1356 'nisi
1394 1295 1425 1354 in
1444 1313 1491 1354 ox-

474 1399 558 1461 ordio
580 1416 641 1458 non
664 1396 904 1473 ednotobnntnr3
928 1394 955 1454 D
979 1414 1051 1459 vero
1074 1398 1159 1456 totuo
1177 1399 1242 1455 tem
1259 1393 1402 1454 mendose
1421 1393 1492 1453 sori·

472 1501 544 1574 ptno
558 1499 622 1572 eet,
638 1495 675 1555 ut
687 1512 797 1572 operte
810 1492 942 1570 pretinm
957 1511 1023 1554 eeoe
1035 1511 1095 1553 non
1110 1494 1215 1570 putem
1230 1510 1334 1555 omnes
1348 1491 1492 1552 leotionoo

472 1595 573 1657 rarior
606 1594 754 1654 esoribere
787 1591 840 1653 sed
872 1610 924 1652 eee
956 1595 1076 1653 tentum
1104 1609 1338 1653 oommemorere
1365 1592 1493 1667 pleeeet,

475 1709 552 1767 quoe
579 1691 705 1751 alienius
733 1689 878 1749 momenti
905 1707 972 1750 eeee
999 1690 1150 1752 videntur.
1199 1688 1357 1749 Postremo
1387 1705 1493 1748 moneo

475 1787 587 1847 multoe
614 1787 646 1845 in
673 1786 752 1846 libro
775 1785 811 1860 V,
845 1803 930 1845 rerer
960 1786 1053 1846 etiem
1080 1785 1112 1846 in
1134 1784 1162 1844 D
1191 1786 1335 1846 lectiones
1358 1783 1494 1860 reperiri,

477 1901 553 1960 qnee
575 1883 841 1944 Benediotinorum
863 1883 989 1944 editioni
1011 1882 1179 1960 peculiares
1198 1885 1288 1968 eunt·
1301 1880 1380 1941 unde
1399 1881 1495 1957 oequi-

476 1987 528 2042 tnr
556 1982 626 2043 illos
655 1985 758 2060 pntroe
788 1982 849 2043 iem
880 1981 935 2043 hoe
965 1979 1059 2040 libror
1086 1983 1140 2041 eut
1170 1978 1308 2056 exemplo
1330 1998 1435 2041 eornm
1457 1977 1495 2038 ed

476 2097 584 2140 menne
608 2079 760 2141 hobuioee.

544 2179 651 2258 Neque
674 2183 777 2241 numm
795 2179 914 2240 silentio
932 2178 1175 2256 praetermittam
1198 2178 1315 2240 libror
1338 2179 1496 2254 oeteroe,

477 2280 530 2359 qui
552 2279 685 2342 nondum
709 2278 812 2342 oolleti
836 2282 915 2341 eunt
956 2278 1042 2341 Inter
1064 2297 1115 2340 eoe
1143 2280 1318 2356 quottnor
1340 2277 1497 2340 Porieiie

479 2382 649 2455 serventur,
671 2397 700 2441 n
721 2381 795 2456 998,
814 2397 891 2443 otoo.
905 2378 991 2459 xv1;
1014 2398 1043 2441 n
1059 2380 1156 2458 9600,
1180 2396 1257 2440 seeo.
1271 2377 1328 2438 XV
1347 2379 1497 2457 exeuntio3

478 2499 510 2540 n.
529 2479 626 2558 9714,
649 2497 727 2539 anno
744 2479 828 2539 1541
845 2478 990 2556 seriptum
1012 2497 1040 2538 n
1057 2479 1131 2555 994,
1150 2495 1229 2538 roeo.
1241 2477 1307 2553 XV,
1330 2477 1383 2538 ubi
1401 2477 1497 2555 primo

479 2579 544 2640 loeo
573 2574 711 2655 Gregorii
738 2577 815 2651 vito,
848 2575 939 2636 tertio
968 2574 1107 2637 Ghrietne
1135 2575 1253 2652 petione
1282 2575 1414 2652 eoriptuo
1443 2579 1497 2635 eet.

481 2675 522 2736 Hi
545 2672 685 2751 Gregorii
708 2693 817 2734 nomon
839 2692 912 2750 pree
935 2693 968 2735 ee
991 2673 1107 2748 ferunt,
1134 2674 1223 2734 unior
1247 2675 1312 2734 994
1336 2673 1445 2732 titulus
1467 2673 1499 2732 in

482 2771 578 2834 Getol.
602 2770 665 2832 eod.
688 2789 837 2833 mennoor.
852 2771 925 2833 bibl.
939 2790 1002 2848 reg.
1017 2770 1084 2833 Por.
1108 2773 1180 2832 tom.
1195 2771 1227 2831 Il
1250 2773 1500 2834 oommemoretnr

480 2871 536 2932 oio:
560 2869 687 2947 „Sentii
707 2869 846 2948 Gregorii
864 2869 1043 2931 Nazianzeni
1066 2887 1188 2931 oermen
1206 2869 1412 2951 Euripideum,
1437 2867 1499 2930 Sol·

481 2971 596 3032 vetoris
618 2970 853 3031 internetionem
877 2972 909 3030 et
926 2968 1038 3029 mundo
1056 2969 1221 3029 mutarem
1239 2968 1409 3046 peeeionem
1424 2985 1503 3029 oom-

482 3064 650 3145 pleoteoe“,
682 3068 762 3129 unde
789 3067 940 3144 requitur,
972 3068 1052 3128 huno
1079 3066 1165 3128 librie
1188 3068 1248 3128 AB
1273 3069 1403 3128 similem
1427 3086 1501 3128 esso.

483 3165 520 3225 In
538 3165 664 3226 eandem
684 3166 811 3226 olentem
825 3163 976 3225 referendi
989 3169 1061 3224 eunt
1074 3165 1138 3225 eorl
1152 3163 1386 3226 Matritensis
1405 3183 1434 3225 n.
1450 3165 1501 3240 93,

483 3263 671 3338 commone,
694 3279 772 3321 enno
794 3263 878 3321 1497
899 3261 1039 3337 eoriptne,
1062 3263 1147 3322 enine
1170 3261 1295 3321 titulum
1318 3265 1351 3321 et
1373 3261 1501 3322 enbeori·

482 3359 616 3435 ptionem
639 3358 695 3419 edo
719 3376 755 3418 ex
778 3357 899 3418 Ioannis
923 3357 1032 3418 Irierte
1055 3359 1130 3435 Rog.
1148 3358 1221 3421 bibl.
1240 3358 1354 3419 Metrit
1373 3358 1437 3420 cod.
1452 3359 1503 3420 Gr.

482 3475 632 3518 mennsor.
659 3456 720 3519 rol.
741 3455 771 3534 1,
805 3458 837 3516 ot
866 3454 958 3518 oodex
988 3457 1165 3518 ohorteeene
1194 3458 1359 3536 recentior,
1391 3457 1443 3535 qni
1471 3457 1504 3516 in

483 3554 709 3637 „Bibliothecae
732 3553 1029 3617 Gohwernienee“
1047 3559 1135 3633 perte
1148 3554 1193 3634 Il,
1211 3574 1281 3635 pog.
1296 3558 1316 3618 8
1336 3555 1504 3634 deeoriptue

485 3659 545 3736 eet,
577 3655 630 3734 qni
660 3654 712 3716 ubi
734 3672 813 3714 nuno
836 3655 877 3716 eit
898 3672 960 3716 non
982 3654 1122 3732 oomperi.
1167 3653 1214 3714 De
1236 3654 1298 3717 ood.
1322 3654 1504 3717 Moroiono

485 3752 562 3814 nihil
590 3754 700 3814 efferre
726 3771 858 3829 poeenm.
905 3753 941 3813 Id
968 3755 1089 3815 oonetot
1115 3753 1148 3814 in
1175 3754 1231 3813 hoo
1254 3753 1342 3814 utin
1365 3753 1503 3814 omnibns

485 3852 553 3912 aliie
578 3850 724 3928 Gregorio
747 3850 953 3929 treegoodiem
975 3852 1079 3914 tribui

552 3947 601 4008 Ad
624 3948 854 4027 tragoediam
876 3949 992 4026 ipeem
1020 3953 1056 4010 nt
1079 3949 1297 4028 transgrediar,
1329 3949 1505 4027 priusquam

485 4048 522 4108 de
546 4047 669 4125 lingnee
698 4065 755 4107 usu
779 4051 811 4107 et
833 4066 976 4110 versuum
1000 4051 1155 4110 etrnetnre
1177 4051 1374 4128 commentor,
1402 4066 1439 4108 ee
1461 4065 1506 4108 eo·
