3426 4786
442 706 534 765 VITA
551 706 803 767 wlnnfflssorcnl
819 709 990 773 nemon.
1025 712 1093 770 LIB.
1111 715 1146 775 ll.
1240 717 1282 784 41

315 859 436 929 Desine
460 884 574 951 cogere
596 887 664 951 me,
686 867 781 953 fungi
803 889 870 932 non
892 867 995 932 audeo
1017 888 1077 952 pro
1099 873 1147 954 te,

315 942 383 1011 Sim
404 947 467 1013 nisi
512 950 677 1032 ermissus,
702 952 794 1016 cuins
815 973 887 1016 sum
909 951 1031 1016 lemine
1053 953 1194 1019 missue.’

314 1027 376 1096 His
398 1036 448 1098 est
469 971 584 1120 ehgiis
606 1035 762 1102 discessio
784 1036 872 1102 fecte
893 1035 1056 1135 modestis.

315 1111 376 1181 Sed
399 1137 457 1182 ceu
480 1119 639 1204 disposuit
659 1121 804 1206 praesul,
826 1141 986 1187 successio
1009 1121 1120 1200 cessit,

261 1198 390 1265 uoNon
413 1222 447 1267 se
469 1202 508 1268 de
533 1205 633 1286 osito,
655 1207 712 1271 sed
734 1206 841 1272 curnis
865 1226 992 1272 carcere
1015 1205 1121 1273 ducto.

356 1283 478 1355 xxiv.
555 1289 585 1357 ic
624 1291 725 1358 tentis
763 1291 879 1379 opibus
918 1290 1055 1377 psychen
1095 1291 1216 1359 ditetur
1253 1297 1287 1360 et

931 1382 1045 1445 auctus
1211 1386 1287 1446 leof

314 1456 453 1526 Pulcher
474 1466 511 1529 ut
533 1466 582 1529 est
602 1463 704 1548 intre,
728 1464 775 1531 sic
796 1464 933 1551 pulcher
955 1464 1072 1531 claruit
1095 1470 1187 1532 extre

314 1542 456 1613 Sometis
478 1549 610 1637 egregie
632 1551 737 1616 forme
759 1550 906 1636 facieque
926 1554 1072 1617 venuste

315 1629 442 1699 Cenitie
464 1635 561 1702 nives
583 1635 727 1703 formoso
750 1638 871 1703 vertice
892 1659 1004 1722 sparse

262 1731 301 1774 ⁷¹⁵
314 1715 375 1783 Per
396 1719 562 1818 speculum
585 1723 693 1789 cernis
714 1744 749 1788 se
771 1722 888 1808 pendit
909 1722 1014 1822 glorie
1035 1724 1164 1790 mentis.

311 1799 455 1870 Delicrne
476 1803 610 1873 Doridis
633 1807 725 1874 foret
745 1808 833 1873 hunc
855 1808 981 1896 Abrseg
1002 1806 1199 1897 Sunumhis,

311 1886 371 1954 Est
392 1890 541 1992 amplexo
559 1914 670 1960 senem
692 1893 853 1981 sepientis
874 1915 1000 1961 summe
1020 1895 1191 1963 virentem.

310 1973 388 2042 Non
411 1981 530 2046 mrnuit
551 1981 677 2047 scniurn
700 1981 846 2048 divinum
868 2002 1001 2048 munere
1023 2003 1169 2049 senrum=

315 2059 382 2127 Vox
405 2064 474 2130 eius
497 2066 617 2152 dulcis,
640 2068 733 2133 ferus
755 2070 806 2134 est
826 2068 980 2134 fecundia
1002 2067 1118 2134 mellis.

259 2161 297 2202 ιω
310 2145 431 2215 Vivere
453 2171 519 2217 non
565 2153 666 2238 ignit,
690 2153 856 2252 quianon
881 2153 972 2218 cerni
994 2175 1070 2220 cero
1092 2153 1190 2239 vixit3

311 2229 374 2297 Sed
397 2233 512 2299 leciem
535 2173 657 2302 domini
679 2237 794 2303 sitiens
818 2237 905 2302 fncie
929 2237 1090 2322 speculari

310 2313 409 2381 Fudit
430 2317 626 2385 inundantes
647 2321 854 2387 lacrimarum
876 2321 1024 2387 funditus
1050 2342 1178 2404 omnes,

310 2397 490 2468 Permixtos
511 2404 661 2487 precibus
683 2405 784 2470 volvit
806 2407 865 2470 sub
888 2409 1018 2489 pectore
1040 2409 1189 2489 questus:

309 2482 407 2558 ‘Quid
421 2506 529 2551 moror
543 2487 605 2571 hic,
617 2488 694 2572 quid
706 2510 779 2575 ago,
792 2489 893 2554 deus?
909 2492 943 2553 et
953 2491 985 2553 te
997 2490 1129 2573 quando
1141 2487 1284 2555 videbo?

257 2582 296 2623 ²³⁵
308 2566 392 2649 Scis,
415 2569 491 2655 quin
513 2570 614 2660 diligo
637 2577 684 2659 te,
707 2573 871 2658 desidero,
896 2595 948 2638 me
970 2572 1063 2639 trahe
1085 2575 1231 2658 postte,

307 2652 387 2739 Fac,
410 2661 649 2744 unguentorum
672 2680 799 2725 currum
821 2660 882 2726 sub
906 2659 1004 2725 odore
1026 2662 1167 2728 tuorum.

308 2738 407 2806 Pulso
428 2763 542 2809 senexc
565 2745 654 2844 operi
677 2746 773 2830 mihi,
796 2745 838 2810 de
859 2745 940 2810 mihi
964 2750 996 2810 te
1017 2745 1153 2810 sntieri.’

309 2825 372 2892 Sed
394 2828 472 2913 quid
494 2828 685 2911 differrmus,
708 2831 794 2917 qnod
817 2831 980 2917 protelare
1002 2829 1199 2916 nequimus?

309 2911 359 2978 De
380 2913 487 2981 cornis
509 2915 575 2982 leto
598 2916 674 2984 dete
694 2917 746 2984 lex
769 2918 873 2984 estin
895 2917 1060 3003 perediso,

255 3012 296 3054 ⁷⁴⁰
310 2998 374 3066 Lex
395 3000 609 3070 intransibilis
631 3007 718 3070 certo
739 3004 801 3070 snb
823 3004 925 3071 limite
947 3005 1031 3072 finis.

309 3083 467 3172 Morum,
492 3110 574 3174 qnae
596 3111 704 3174 ceros,
731 3112 817 3176 quae
839 3090 993 3156 dissociet
1014 3089 1170 3173 sociatos,

309 3169 449 3238 Mortem
473 3175 693 3241 transmissum
716 3176 786 3241 fore
809 3175 913 3241 sensit
934 3175 1039 3240 curnis
1061 3174 1101 3240 ed
1124 3195 1248 3262 escam,

310 3257 454 3324 Auribus
478 3259 617 3326 internis
638 3259 764 3326 audivit
784 3282 915 3326 carmen
938 3261 1072 3326 umoris:

310 3341 447 3428 ‘Imber,
471 3344 599 3431 hiemps
622 3346 704 3412 obiit
724 3351 852 3412 motura
875 3369 915 3412 ue
936 3346 1055 3412 messio
1078 3346 1183 3413 venit:

255 3442 295 3485 ⁷⁴⁵
309 3427 422 3516 Surge,
445 3431 530 3514 reni,
554 3453 704 3518 propera,
722 3435 833 3519 sponsi
887 3433 1028 3498 nlcmum
1051 3433 1151 3518 cupis,
1167 3432 1282 3498 intrel’

308 3514 437 3602 Surgit,
459 3521 496 3582 ut
518 3518 721 3602 egredictur,
745 3520 885 3600 etexit,
910 3523 947 3584 ut
968 3517 1181 3604 ingredietur.
1206 3544 1209 3550 ·

308 3600 406 3666 Anno
427 3602 593 3688 progeniti
616 3603 723 3668 curnis
747 3603 807 3669 sub
829 3603 974 3688 imagine
995 3601 1086 3668 verbi

367 3774 425 3848 .⁷!⁹
443 3770 539 3839 presul
559 3769 619 3826 GT
656 3771 746 3826 ceesit
765 3773 791 3826 0
881 3775 928 3825 771
953 3771 1071 3849 sppches
1090 3769 1149 3825 GT
1232 3774 1283 3824 774

307 3835 510 3985 hunolf
545 3838 885 3976 innuunt
907 3836 1211 3962 ιιιιιιιιιιι
1225 3843 1285 3959 ιι

307 3975 356 4026 737
379 3987 481 4027 sacrun
500 3972 560 4029 GT
627 3980 676 4029 7377
700 3973 821 4030 lnetoG
856 3971 1045 4043 paradysoG
1145 3977 1195 4028 llo
1217 3971 1282 4028 snb·

308 4038 398 4096 limite
418 4041 475 4097 GT
545 4048 594 4098 nn
613 4043 771 4099 sescemG
841 4048 891 4098 744
909 4043 1031 4114 hyemps
1051 4040 1110 4098 GT
