3368 4792
420 617 464 685 32
743 619 806 672 usu.
825 619 847 668 1.
882 634 908 669 v.
927 619 1071 673 ser-um.

422 776 592 857 Conceptus
615 775 709 854 ignes,
734 781 851 853 captato
875 781 1021 856 tempore,
1045 772 1177 854 produnt

465 860 560 924 Ambo
582 858 759 932 revelantes,
784 878 872 942 quem
895 861 934 923 sit
956 868 1084 938 uterque
1106 858 1212 922 iibens.
1344 867 1393 918 615

423 946 454 1010 st
477 947 615 1009 Paridem
637 946 789 1009 studuisse
812 955 921 1028 putem.
946 964 1003 1007 nee
1025 944 1116 1006 erede
1138 943 1217 1026 qriud
1241 962 1349 1012 errent.

466 1036 524 1095 Aut
546 1032 688 1096 Helenam
712 1034 845 1112 eer·iptis;
869 1032 943 1094 itere
966 1031 1090 1094 vacatur
1111 1035 1167 1093 eis,

422 1117 565 1198 Eloquer,
589 1119 637 1179 iiie
660 1119 800 1196 loquitur,
825 1135 884 1177 uuu
908 1125 954 1177 est
975 1116 1069 1186 iocus,
1093 1116 1191 1176 indice
1214 1115 1350 1176 iieuuuee

466 1203 503 1264 Et
524 1203 601 1283 pius,
624 1219 712 1282 quam
735 1200 851 1272 veliem,
875 1204 933 1263 iem
957 1218 1040 1261 meus
1063 1208 1145 1260 extet
1166 1216 1264 1269 emor3

424 1285 483 1348 Sed
507 1285 583 1348 maie
605 1285 768 1354 dissimulo,
794 1288 862 1363 quis
884 1288 964 1345 enim
988 1283 1127 1348 celaverit
1151 1286 1250 1363 iguem
1341 1294 1393 1343 6³0

467 1369 593 1433 Lumine
616 1371 668 1450 qui
691 1389 810 1450 semper
834 1369 970 1448 proditur
992 1373 1056 1449 ipse
1079 1386 1144 1431 stru.

423 1456 467 1518 Te
490 1463 569 1536 peto,
592 1473 682 1535 quem
707 1455 819 1535 pepigit
842 1455 918 1516 terte
942 1456 1040 1515 Venus
1062 1454 1165 1514 ineiita
1189 1461 1300 1523 uestro,

467 1540 510 1602 Te
533 1542 618 1620 prius
641 1543 748 1621 opteri,
774 1558 861 1619 quum
885 1539 956 1600 miiri
981 1548 1049 1601 ueta
1073 1537 1162 1601 iures

424 1626 465 1689 De
490 1626 563 1688 mitri
586 1633 625 1694 te,
649 1644 725 1705 quae
747 1627 785 1686 sit
807 1625 924 1687 Paridis
946 1625 1119 1694 constantie,
1143 1641 1259 1694 nosces,

466 1712 597 1774 Fiemme
619 1715 685 1787 rogi
709 1712 844 1774 demmes
865 1712 948 1773 duiet
970 1728 1027 1773 une
1051 1713 1121 1772 mei.
1342 1719 1391 1768 636

424 1797 601 1860 innumerus
623 1795 714 1858 turbes
737 1807 825 1875 etque
847 1814 937 1858 eures
961 1804 1037 1857 terta
1061 1795 1183 1866 ridebis,

468 1880 608 1962 Quaeque
632 1900 702 1944 suos
724 1882 805 1944 dieas
829 1881 937 1963 templu
962 1883 1069 1944 decere
1092 1882 1175 1946 deos.

424 1967 511 2031 Nune
535 1967 607 2029 mitri
631 1968 670 2029 nii
694 1975 841 2049 superest,
866 1969 984 2040 uisite,
1009 1967 1148 2038 formose,
1173 1967 1306 2050 preceri3

468 2053 674 2137 Amplectique
697 2064 772 2126 tuos,
796 2057 821 2116 si
844 2057 968 2136 petiere,
992 2053 1093 2134 pedes.

424 2144 483 2203 Aut
507 2159 562 2222 ego
585 2141 709 2220 Sigeeos
731 2150 874 2223 repetem,
899 2152 927 2203 te
950 2141 1087 2223 conjuge,
1111 2149 1230 2220 portus:
1344 2149 1394 2199 640

468 2228 526 2288 dut
548 2244 602 2306 ego
626 2227 771 2289 Treueris
795 2235 938 2307 conteget·
961 2228 1027 2289 exui
1052 2228 1153 2289 iruum.

425 2315 521 2376 Ausus
545 2331 585 2384 es.
609 2314 658 2376 iiie
682 2315 784 2385 refert,
809 2316 961 2376 temeretis
984 2314 1095 2374 udreuu
1119 2315 1214 2374 sacris

469 2399 645 2477 Legitimam
669 2407 777 2480 nuptae
800 2398 964 2461 sollicitere
986 2399 1095 2461 ddemi

426 2483 489 2543 llue
512 2501 594 2560 rego,
619 2481 788 2544 dissimules
812 2487 868 2544 uisi
892 2492 922 2544 tu
945 2482 1093 2544 desistere
1116 2483 1196 2552 veiis,

468 2564 526 2625 Sed
550 2584 605 2626 eur
628 2565 774 2628 desistes?
797 2567 986 2629 dissimulare
1008 2575 1102 2646 potes.
1343 2575 1393 2624 646

426 2648 520 2720 Quem
544 2650 653 2710 muitos
676 2650 773 2710 credis
794 2651 919 2730 juvenes
941 2658 1053 2729 optare,
1077 2651 1158 2731 quod
1181 2657 1275 2729 optes,

468 2729 525 2799 Qui
548 2733 677 2803 rideant,
700 2735 803 2794 deuios
826 2753 863 2796 au
887 2729 952 2795 rut
975 2736 1056 2794 seius
1079 2731 1190 2794 trebes?

426 2815 468 2876 Ad
492 2833 628 2896 possesse
651 2818 733 2878 venis
757 2826 975 2899 praereptaque
998 2817 1104 2897 gaudie
1128 2835 1214 2878 serus

468 2901 542 2983 Spes
565 2910 615 2964 tue
638 2899 717 2964 iente
740 2904 808 2964 tuit:
833 2904 912 2985 qued
937 2906 1023 2984 petis,
1047 2904 1122 2967 aiter
1144 2902 1244 2966 hebet.

425 3040 627 3049 --..-.-.--.-—

492 3125 552 3179 038.
570 3128 613 3181 20.
632 3125 684 3180 Or.
701 3125 816 3183 Heroid.
835 3126 908 3191 xvi,
927 3131 952 3179 3.
969 3129 986 3178 4

519 3193 661 3312 71111160πῖ13
681 3211 717 3245 en
735 3195 860 3247 demmee
879 3211 933 3246 neu
953 3201 998 3247 eet
1015 3210 1084 3262 opus
1101 3195 1195 3247 indies
1214 3201 1296 3247 netes

561 3265 652 3328 tpue
670 3267 723 3313 ete.

423 3332 483 3383 030.
502 3331 544 3384 et.
562 3329 613 3382 Or.
632 3331 699 3388 Her.
717 3331 796 3394 XVI,
820 3333 844 3382 7.
862 3332 887 3383 8.
957 3332 1016 3384 632.
1034 3333 1075 3383 33.
1096 3330 1146 3385 Or.
1166 3331 1232 3386 Her.
1250 3331 1316 3383 XVI
1323 3371 1330 3393 .
1350 3335 1393 3386 36.

424 3401 467 3454 36.
490 3400 563 3451 ieeio
586 3401 696 3468 pepigit
711 3400 744 3457 V.
763 3407 859 3452 eures:
946 3402 1005 3451 634.
1024 3401 1065 3456 36.
1085 3397 1168 3452 Ouid.
1187 3401 1301 3454 lieroid.
1321 3402 1394 3467 xvi,

426 3471 483 3524 161.
502 3471 543 3520 ee.
613 3470 673 3525 636,
692 3467 758 3521 Ood.
782 3486 841 3534 ee,
865 3485 915 3521 noe
939 3475 1024 3536 etque
1047 3469 1161 3521 eeeuud.
1180 3470 1261 3522 Ouid.
1281 3471 1394 3523 Heroid.

424 3538 498 3604 xvi,
519 3540 575 3590 lii.
644 3541 701 3590 636.
721 3541 762 3595 et,
785 3538 850 3590 ibid.
868 3539 946 3608 XVI,
966 3542 1023 3591 177.
1045 3542 1103 3592 178.
1173 3541 1232 3591 038.
1251 3543 1292 3592 eu.
1312 3539 1394 3598 Ouid.

423 3608 536 3660 IIereid.
555 3607 629 3674 XVI,
647 3609 707 3663 269.
724 3611 783 3660 370.
852 3610 910 3661 (iit).
928 3609 1134 3665 trieteris.
1153 3609 1211 3664 eut.
1235 3609 1332 3677 Margo
1351 3627 1394 3662 ex-

424 3677 513 3743 plicet
530 3677 586 3743 Sig.
604 3694 656 3746 per
671 3675 821 3741 Trejeuee,
839 3678 978 3729 Taenaria
997 3695 1046 3746 per
1064 3677 1194 3731 Graecia.
1276 3683 1334 3732 ete.
1352 3683 1395 3734 43.

424 3745 505 3798 ovid.
523 3747 637 3798 Heroid.
655 3745 743 3807 xvii,
762 3749 786 3801 e.
804 3749 829 3797 4.
883 3747 943 3798 644.
961 3749 1002 3803 46.
1021 3749 1072 3799 Or.
1091 3747 1157 3798 Her.
1177 3745 1266 3814 XVII,
1282 3750 1337 3800 161.
1352 3751 1395 3815 63,

423 3815 628 3882 praeterquod
648 3819 695 3867 161
726 3819 762 3868 At
780 3821 810 3866 tu
829 3815 987 3867 dissimula:
1006 3817 1059 3867 nisi
1079 3816 1103 3867 si
1120 3816 1252 3867 desistere
1271 3819 1367 3870 mavis.

424 3883 482 3936 646.
501 3885 542 3939 tu.
567 3883 609 3933 Ex
627 3883 707 3934 Ouid.
726 3883 792 3934 Her.
811 3883 898 3944 xvii,
917 3886 960 3937 30.
981 3887 1031 3934 160
1049 3885 1154 3938 eredes.
1173 3884 1294 3946 raptent.
1313 3887 1394 3938 Petris

424 3964 502 4000 tintus.
589 3952 647 4004 648.
666 3954 710 4002 ts.
728 3953 779 4006 Ov.
800 3951 865 4002 Her.
882 3951 973 4012 xvu,
992 3954 1051 4003 107.
1072 3954 1129 4006 103.
