3340 4788
430 657 491 723 112
744 658 807 710 nra.
822 657 873 710 nv.
901 671 928 707 v.
945 658 1090 710 ara-oar.

428 810 537 874 Verum
561 809 763 892 Myrmidones
785 811 947 872 instaurat:
971 809 1052 871 nulla
1075 812 1180 893 rapina

472 898 541 968 Vos,
566 896 615 967 ait,
639 893 746 958 alliciat
768 894 839 958 dum
862 912 967 957 mucro
990 903 1072 974 terga
1097 905 1190 958 accat.

428 980 586 1063 Nunquam
609 999 659 1045 ras
680 981 784 1053 hostis,
807 983 885 1044 ricto
907 997 967 1042 non
991 981 1086 1053 lroste.
1111 980 1217 1044 levetis

473 1070 571 1150 Saepe
593 1068 702 1134 ieiellit
724 1086 799 1150 opus
820 1067 931 1150 praeda
954 1065 1048 1132 lerata
1071 1070 1163 1150 prius.

429 1155 527 1218 Corde
549 1153 669 1218 leonino
692 1171 744 1217 vos
766 1153 918 1234 objiciatis
940 1155 970 1216 in
993 1155 1119 1226 hostem,

356 1275 360 1281 ·
407 1303 409 1309 ,
471 1242 554 1304 licus
576 1239 688 1321 leporis
711 1238 791 1303 bello
815 1240 864 1302 rix
886 1240 963 1302 vaiet
985 1258 1039 1302 ora
1061 1240 1131 1304 duo.

428 1324 508 1398 Quot
529 1327 649 1392 Troilus
671 1325 756 1390 rolris
777 1327 947 1390 numeravit
967 1325 1083 1400 iuncra,
1107 1327 1219 1401 uostls;

472 1411 616 1477 Novimus
636 1415 805 1484 innumera,
830 1431 907 1494 quae
929 1430 1088 1478 numerare
1111 1414 1191 1476 velit.

429 1501 464 1563 in
487 1498 623 1564 Troilum
647 1501 744 1564 solum
767 1501 847 1563 vires
870 1500 1030 1582 expendite
1053 1507 1138 1574 totas,

472 1586 572 1651 Discat
592 1591 625 1651 in
648 1595 803 1650 auctorem
827 1604 921 1667 poena
944 1587 1044 1650 redire
1065 1605 1163 1650 suum.

429 1672 606 1738 Transierat
628 1690 684 1752 pro
706 1679 792 1753 parte
815 1672 889 1743 dies,
912 1671 1092 1754 Troiiusque
1115 1671 1279 1736 timendum

471 1758 580 1839 Trojae
602 1758 783 1838 praesidium
807 1758 924 1820 icareus
944 1758 1038 1820 intrat
1059 1775 1174 1836 agrum.

370 1911 371 1915 Ἰ
428 1842 609 1904 vectabatur
632 1859 709 1921 aquo
733 1850 880 1920 tamquam
903 1843 951 1903 leo
974 1845 1072 1904 iertur
1093 1845 1124 1903 in
1147 1847 1251 1920 Argos,

471 1925 533 1986 ilos
557 1925 650 2002 iugat,
674 1933 706 1986 ut
729 1924 834 1986 credas
856 1923 934 2005 quod
954 1925 1038 2005 juret
1060 1927 1105 1987 ala
1129 1925 1231 2006 pedes.

428 2007 630 2089 Myrmidones
653 2007 733 2069 docti
756 2007 858 2068 Troilo
881 2009 970 2071 simul
993 2014 1024 2070 ct
1045 2008 1138 2071 semei
1159 2012 1274 2070 instant

472 2091 509 2154 Et
531 2091 647 2154 Danaos
669 2100 827 2162 revocatum
850 2091 948 2154 denuo
972 2091 1048 2154 bella
1071 2104 1190 2156 sonant.

428 2178 466 2239 it
487 2175 609 2239 Troilus
631 2195 735 2239 murus
758 2178 881 2258 patriae,
906 2181 1052 2259 protectio
1074 2177 1182 2259 Trojue

470 2261 508 2324 Et
530 2280 597 2325 rosa
620 2264 745 2326 militiae
768 2271 883 2343 pugnat
905 2271 935 2326 ct
957 2263 1069 2346 absque
1092 2283 1174 2346 pare.

428 2347 514 2411 Ilaud
538 2348 624 2411 alitor
646 2350 790 2412 robustus
811 2368 883 2432 aper
904 2368 937 2412 sc
961 2350 1037 2413 iortc
1060 2358 1231 2432 promentes

471 2434 634 2498 Consuevit
656 2434 751 2498 nitido
769 2436 908 2499 scindere
930 2435 1019 2499 dante
1042 2455 1139 2510 canes,

429 2519 527 2581 Utitur
549 2520 597 2583 hic
620 2522 712 2583 armis
733 2522 819 2601 quasi
841 2520 1028 2592 fulminibus.
1051 2521 1247 2603 populusque.

470 2604 593 2667 Corruit
615 2607 794 2668 innumerus
816 2604 894 2667 illius
916 2614 985 2668 anto
1007 2624 1121 2670 manus.

427 2689 501 2752 Cum
523 2693 568 2752 sic
591 2692 755 2772 cornipede
777 2708 900 2753 versans
922 2694 953 2752 in
976 2693 1070 2754 Marte
1093 2701 1240 2763 coruscat,

470 2774 590 2836 Corruit
611 2777 745 2837 anterius
768 2777 893 2857 cuspide
915 2778 991 2839 ilaus
1014 2796 1118 2860 equus.

426 2859 478 2920 Vir
500 2860 561 2921 ruit
582 2869 613 2924 et
636 2859 727 2922 celeri
749 2863 871 2924 veniens
893 2862 970 2941 pede
992 2881 1097 2925 saevus
1118 2861 1247 2925 Achilles

469 2943 599 3025 Surgere
622 2947 757 3008 conantis
780 2947 887 3009 dissuit
909 2966 981 3011 ense
1003 2955 1101 3030 caput.

425 3029 557 3110 Paipltat
578 3038 608 3092 et
630 3031 762 3094 moriens
785 3031 922 3095 tellurem
937 3033 1028 3096 calce
1050 3034 1169 3114 sigillat,

470 3115 507 3178 Et
529 3117 635 3178 iaciem
659 3135 768 3198 magno
791 3121 942 3197 sanguinis
965 3119 1063 3182 imbre
1085 3121 1173 3199 rigat.
1345 3130 1396 3190 340

426 3199 475 3263 Sic
498 3203 556 3262 tiro
576 3199 695 3281 juvenis
717 3204 830 3284 rapitur
851 3205 1029 3266 florentibus
1051 3207 1147 3276 annis,

467 3283 538 3347 Flos
560 3286 664 3348 mundi
686 3286 789 3348 rutilat
810 3295 945 3368 tempore
967 3289 1051 3350 valde
1073 3289 1167 3350 brevi.

423 3367 467 3430 Ad
491 3368 608 3432 Danaos
632 3369 752 3432 tralrere
775 3389 885 3452 corpus
908 3381 1032 3436 conatus
1054 3372 1192 3445 Achilles,

467 3453 625 3517 llemnona
648 3456 807 3519 Persarum
830 3473 903 3535 rege
924 3468 1043 3521 vetante
1065 3461 1178 3541 nequit.

423 3537 521 3600 Occisi
544 3557 653 3622 corpus
674 3541 723 3602 lric
746 3543 844 3623 cripit,
868 3544 1084 3626 Aeacidcmque
1345 3555 1394 3606 uia

387 3697 391 3703 ι
423 3691 627 3704 -ι-ιι--ι

451 3812 453 3818 -
491 3777 549 3830 332.
569 3777 635 3831 eod.
655 3778 760 3830 nidldo·
829 3782 889 3833 unt.
910 3780 1023 3834 Gualth.
1044 3781 1123 3834 Alex.
1143 3783 1181 3846 11,
1199 3784 1252 3836 434

526 3843 707 3912 Cornipedem
725 3863 840 3900 versans
858 3849 888 3899 in
906 3848 1004 3902 dextro
1022 3851 1112 3902 Morte
1132 3845 1268 3907 coruscat.

421 3909 567 3964 Miildauer
584 3913 655 3982 legit
672 3930 788 3968 vexans.
858 3918 915 3970 337.
935 3917 1048 3986 Margo:
1067 3919 1179 3972 Troilus
1198 3920 1337 3973 occiditur
1356 3921 1392 3972 ab
1492 3903 1494 3908 ι

421 3978 541 4032 Achille.
