3426 4786
415 621 458 688 32
804 615 997 673 rurouarur

418 773 469 840 Ne
492 772 663 858 quisquam
684 771 817 854 resciat,
841 769 916 835 dum
940 769 1047 836 carnis
1070 767 1180 834 debita
1202 767 1323 848 soluat,

419 858 470 925 Ne
491 859 591 924 robur
612 857 731 922 mentis
753 855 846 922 favor
868 859 1001 922 enervet
1044 853 1199 939 epularis.

417 943 492 1011 Non
537 941 652 1028 ropriis
674 942 799 1008 meritis
821 940 995 1027 adscripsit
1016 877 1101 1007 dona
1122 938 1254 1023 salutis,

368 1047 407 1087 00
420 1028 483 1096 Sed
506 965 636 1099 domiuo
657 1027 735 1112 soli,
758 1029 916 1094 virtutum
938 1027 1157 1113 progenitori,

421 1113 512 1180 Infra
535 1136 569 1179 se
591 1114 701 1199 posuit
721 1135 772 1197 se,
796 1113 897 1179 erevit
918 1118 952 1178 et
971 1113 1047 1177 inde
1070 1132 1167 1195 super
1188 1131 1236 1188 se,

423 1199 549 1268 illarius
572 1199 718 1282 emissit,
741 1204 916 1283 conceptus
936 1198 1058 1263 lumine
1080 1196 1172 1260 luxit.

462 1281 584 1354 XVIII.
618 1283 718 1351 Venit
732 1285 794 1348 iter
809 1283 946 1350 tendens
957 1284 992 1348 in
1003 1283 1122 1347 amicas
1133 1281 1272 1365 hospitis
1283 1278 1390 1346 aedes.

421 1369 549 1455 Hospes
572 1391 644 1436 eum
666 1368 772 1451 studio
795 1369 1012 1455 complectens
1035 1367 1181 1434 officioso

368 1477 408 1520 ns
425 1456 590 1542 Apposuit
610 1477 755 1522 mensam
778 1455 875 1522 variis
898 1454 1034 1542 dapibus
1055 1453 1264 1532 cumulatam,

422 1541 578 1628 Erubuit,
601 1544 685 1628 quod
709 1542 738 1609 ei
761 1541 879 1609 deleuit
901 1564 983 1610 vene
1005 1541 1142 1608 Falerni.

423 1628 485 1696 Sed
509 1628 584 1695 ritis
606 1651 702 1696 verae
724 1629 846 1716 palmes
868 1629 995 1696 stillans
1017 1629 1139 1714 pietate

423 1714 592 1782 Succurrit
612 1715 699 1780 tristi
721 1715 803 1781 mira
823 1715 943 1780 virtuto
965 1715 1092 1780 rubori:

424 1799 545 1865 Pocula
566 1800 605 1865 de
626 1801 712 1866 vasis
733 1799 784 1866 bis
806 1800 892 1866 binis
914 1799 1044 1866 miscuit
1066 1799 1144 1864 artie

372 1912 412 1953 no
426 1884 555 1952 Vimine
577 1885 754 1966 contextis,
775 1884 915 1951 heminis
937 1890 1090 1970 quattuor
1111 1885 1209 1968 aptis,

423 1968 570 2054 Suntque
592 1969 801 2055 quaterdeni
825 1971 1034 2037 convivantes
1056 1969 1178 2035 satiati.

424 2053 516 2121 Siout
537 2076 639 2139 aquae
661 2056 692 2120 iu
720 2056 745 2120 's
768 2056 842 2122 fons
864 2055 954 2140 puris
976 2055 1110 2141 profluit
1132 2052 1226 2119 undis

424 2139 496 2205 Neo
518 2142 643 2239 patitur
664 2162 698 2206 re
724 2141 773 2206 uis
795 2143 886 2207 inse
908 2141 1074 2227 dispendia
1095 2141 1202 2218 venis,

426 2224 481 2292 Sic
502 2224 609 2310 liquor
630 2247 668 2292 ex
691 2224 824 2293 modieis
845 2225 998 2313 profluxIt
1016 2226 1121 2293 viteus
1144 2225 1246 2292 obbis.

373 2329 413 2370 ¹³⁶
428 2310 541 2378 Gratia
563 2311 696 2378 donarit
717 2313 795 2393 hoe,
818 2312 903 2398 quod
926 2317 1043 2378 natura
1063 2313 1206 2463 negavit.

427 2395 595 2462 Frumenti
616 2419 755 2482 granum
778 2403 853 2482 post
875 2402 1011 2463 mortem
1033 2399 1098 2464 vivi
1125 2395 1263 2463 candum

428 2480 603 2545 Distribuit
622 2483 766 2565 quinque
787 2503 888 2566 panes
909 2483 945 2547 iu
967 2481 1057 2547 milis
1079 2483 1219 2567 quinque

426 2566 476 2629 Ao
497 2565 643 2651 geminos
688 2567 770 2632 isses
792 2567 855 2631 duo
877 2569 1072 2632 testamenta
1093 2568 1259 2647 notantes,

427 2648 476 2714 le
499 2588 709 2734 pentateuolri
731 2672 843 2717 mensa
867 2650 947 2716 dans
969 2651 1092 2716 fereula
1113 2652 1215 2716 menti

374 2751 414 2792 ¹⁴⁰
429 2733 577 2800 Flsuriem
599 2734 726 2821 pepulit
746 2736 842 2822 dape,
865 2735 961 2802 eorda
982 2736 1132 2802 famelica
1154 2735 1264 2820 fulsit,

428 2818 537 2886 Farsit
557 2822 751 2907 apostolieae
774 2822 824 2888 bie
846 2844 902 2889 sex
924 2821 963 2888 de
986 2821 1148 2909 fragmine
1162 2826 1300 2908 sportas.
1323 2829 1399 2888 bref

428 2903 516 2984 Quae
539 2907 662 2973 domini
685 2915 827 2975 mentem
848 2930 940 2976 mens
962 2908 1096 2995 indaget
1117 2911 1258 2976 ratione!

428 2990 590 3079 Quidquid
605 2995 688 3080 vult,
704 2995 766 3062 hoo
780 2995 829 3080 fit,
845 2996 930 3084 qpod
945 3017 1013 3062 non
1029 2996 1106 3078 uult,
1122 3017 1189 3063 non
1205 2997 1336 3082 penitus
1351 2996 1398 3064 fit.

428 3079 610 3148 Nobilitate
632 3103 726 3148 suum
749 3082 873 3149 meritis
896 3083 1039 3150 decrevit
1059 3084 1241 3151 alumnum:

376 3183 416 3224 ⁴⁴⁵
429 3167 532 3232 Auxit
553 3172 591 3232 ut
612 3167 681 3252 ipse
703 3169 826 3254 eibum,
849 3169 938 3234 dedit
960 3170 1035 3234 huie
1056 3190 1175 3255 augere
1198 3170 1333 3255 lyaeum.

427 3249 592 3317 Conuiuae
614 3253 716 3318 saturi
738 3255 883 3320 novitate
905 3255 952 3320 rei
975 3256 1123 3319 renovati

429 3333 468 3399 In
490 3335 672 3402 diuinarum
695 3343 912 3435 prorumpunt
934 3339 1063 3404 canusa
1083 3338 1224 3404 laudum.

471 3417 560 3484 XIX.
584 3418 727 3505 Dapribs
749 3423 885 3488 antistes
906 3426 1000 3489 tanto
1023 3422 1083 3487 rub
1097 3422 1231 3489 bonore
1248 3422 1400 3490 resedens

428 3502 468 3568 In
491 3504 573 3568 fines
594 3503 724 3570 Fresiee
747 3507 862 3572 statuit
882 3507 1041 3573 maturius
1063 3508 1125 3590 ire,

377 3602 416 3644 ⁴⁵⁰
431 3586 502 3664 Quo
525 3587 621 3654 satiet
643 3591 772 3676 gentem
795 3590 897 3658 divini
919 3593 1012 3677 panis
1035 3597 1193 3679 egentem.

497 3744 547 3795 419
575 3739 705 3812 assoripit
731 3742 790 3797 (Μ’
832 3749 906 3823 ,400
932 3745 1104 3815 oonoaeptus
1132 3743 1159 3800 G
1203 3749 1278 3825 Ι400
1302 3745 1401 3802 eminis

429 3809 553 3932 puatuor
572 3809 631 3864 GT
714 3817 763 3866 401
782 3813 881 3868 eaoreb
895 3811 956 3868 OT
1039 3819 1091 3869 404
1108 3813 1269 3937 proflurtT
1351 3821 1403 3870 435

456 3876 578 3933 raeiaG
647 3884 698 3934 400
716 3881 900 3948 pentatheuei
919 3880 978 3936 GT
1044 3888 1095 3937 440
1125 3881 1196 3937 uloit
1215 3882 1274 3938 GT
1352 3888 1402 3939 448

430 3945 628 4002 recaedensG
697 3951 748 4004 400
767 3949 855 4004 saciet
875 3949 934 4005 GT
