3372 4788
415 665 480 731 206
559 685 566 692 ·

383 887 384 890 ,
417 825 451 886 Vi
475 823 660 904 tempestatis
682 823 774 883 sociis
797 820 853 884 tibi
876 821 1034 884 rarilleatis

462 909 514 972 llel
535 909 635 990 rapuit
656 907 724 970 latis
746 924 801 987 per
823 907 899 968 treta
923 906 1008 987 longa
1032 907 1125 970 Paris.

426 995 653 1076 Egrediensque
676 994 772 1062 fretis,
797 1011 853 1074 qua
877 993 973 1065 sedas,
997 1004 1081 1074 parta
1104 995 1215 1075 quletis
1343 1001 1392 1052 ssa

461 1080 604 1143 Cursibus
626 1079 753 1160 expletis
775 1099 791 1142 a
814 1081 950 1158 sapiente
973 1083 1060 1158 petis.

418 1165 542 1246 Hospita
565 1165 711 1232 Cumanis.
736 1163 913 1245 impulsibus
936 1174 1000 1226 aeta
1025 1166 1169 1242 profanis,

446 1249 564 1312 'Debita
587 1249 724 1329 Trojanis
746 1251 804 1311 luta
828 1247 939 1331 Sibylla
963 1253 1060 1310 cartis:

418 1332 535 1408 Quanta
557 1344 664 1417 parant
686 1334 787 1407 llutili,
810 1353 899 1416 quam
922 1335 1017 1414 gloria
1040 1343 1143 1414 surgat
1164 1333 1234 1404 iuli,

462 1415 518 1490 Qui
541 1439 647 1502 regum
670 1421 748 1482 tituli
770 1438 923 1502 regnaque
949 1422 999 1502 qui
1022 1421 1136 1503 populi.
1337 1431 1389 1481 260

419 1505 500 1586 Ergo
522 1505 679 1569 damnatae
700 1524 753 1588 ape
776 1507 881 1568 llrmus
903 1505 978 1570 llultta
1000 1506 1152 1576 Achatem,

465 1592 628 1675 llesperlaa
650 1591 726 1656 latae
749 1592 847 1655 leudis
868 1593 900 1655 in
923 1612 991 1656 arua
1014 1603 1090 1656 rate.

337 1746 343 1758 ‚
402 1677 550 1740 ,Plurima
574 1676 650 1740 bella
673 1681 764 1758 geria,
789 1677 843 1741 tibl
865 1687 928 1740 tum
950 1679 1014 1741 loca
1038 1677 1138 1741 debita
1161 1682 1282 1756 quaeris

463 1763 521 1825 Sed
545 1765 640 1826 laetus
662 1765 780 1842 superis
803 1763 888 1826 obuia
911 1781 1048 1844 quaeque
1071 1765 1145 1826 teris

419 1845 541 1908 Turnus
564 1847 713 1908 ulalatus
736 1847 789 1907 tlbi
813 1849 872 1909 latu
896 1851 1015 1927 tuisque
1039 1848 1168 1909 minatus
1336 1858 1388 1908 est

463 1929 610 1993 uocabula
631 1939 750 2001 stratus,
774 1931 844 1992 uum
868 1931 946 1993 lodis
969 1949 1041 1993 ensa
1063 1932 1148 1992 latus.

423 2015 482 2083 Pru
506 2033 562 2098 qua
585 2022 717 2077 certatur
739 2014 793 2077 tibl
816 2016 898 2093 regia
920 2019 1006 2096 virgo
1028 2016 1155 2085 dicatur.

411 2164 414 2174 ,
462 2099 583 2182 Paxque
605 2103 798 2173 reformatur,
821 2098 892 2162 dum
915 2101 969 2164 tibi
992 2111 1082 2185 nupta
1105 2101 1203 2166 datur.

422 2187 501 2250 lllne
523 2195 743 2269 processerunt,
767 2188 817 2270 qui
840 2186 965 2250 lluruam
989 2190 1221 2260 constituerunt,

464 2273 521 2348 Qui
546 2273 616 2336 dum
641 2271 718 2336 bella
740 2283 859 2354 gerunt,
883 2273 970 2337 fortia
994 2293 1129 2358 quaeque
1152 2284 1262 2339 terunt.
1343 2286 1393 2339 :tto

420 2361 458 2424 Et
480 2359 534 2422 tlbl
556 2362 694 2424 lecerunt
717 2379 823 2424 rtornan
847 2360 926 2440 quael
950 2365 979 2425 Ιιι
1003 2372 1082 2426 astra
1106 2360 1249 2434 tullerunt}

464 2446 511 2517 Ut.
534 2450 585 2530 qui
608 2450 795 2528 seripserunt
817 2450 941 2530 pristina
965 2457 1058 2527 gesta,
1082 2448 1198 2521 la1·unt;

391 2593 395 2604 ,
421 2531 573 2614 Romaque
597 2535 780 2610 turrigerum
804 2542 891 2612 eaput
914 2533 997 2593 elluit
1020 2535 1147 2595 maxlma
1171 2531 1296 2595 rerum

463 2617 536 2680 'l'am
560 2616 639 2678 douo
662 2634 803 2696 superum
827 2635 915 2694 quam
938 2618 1043 2679 studiis
1066 2635 1236 2695 procerum.

425 2701 475 2763 Sia
498 2718 534 2762 ex
556 2705 654 2764 benaa
678 2709 820 2763 crescunt
842 2703 979 2764 Romane
1000 2701 1143 2782 trophaea
1341 2711 1391 2760 tus

464 2785 514 2847 Sic
536 2803 610 2866 gens
633 2787 774 2849 Romulea
798 2789 892 2866 surgit
914 2787 952 2848 ab
976 2786 1130 2848 llectorea.
