3368 4792
605 745 668 798 Lib.
686 746 723 798 11.
758 762 784 799 v.
802 747 947 800 oio-out.
1221 746 1265 814 59

291 899 421 964 Obeletit
441 895 603 961 Telamone
624 909 708 962 cotue
729 863 902 983 raptimque
922 907 1051 966 rotatam

337 989 359 1048 i
382 984 477 1066 prima
500 987 595 1064 puppi
617 988 748 1047 sustinet
769 987 833 1065 ipse
855 1003 969 1066 pyram.

258 1089 262 1100 ·
293 1071 429 1135 Sustinet
450 1077 481 1132 et
502 1068 583 1131 eolus
605 1068 739 1132 defendit
761 1070 842 1132 mille
863 1072 991 1143 corinna,

337 1152 466 1236 ilejectio
487 1153 605 1237 pridem
627 1173 681 1217 cor
702 1161 862 1218 revocatur
882 1156 966 1219 item.

292 1240 445 1323 iiejiciunt
468 1243 568 1321 ignem
591 1241 696 1312 Danai,
719 1238 886 1304 bachantur
908 1243 939 1304 in
964 1242 1090 1312 boetem.
1212 1250 1265 1303 ⁶80

336 1327 462 1392 Sodorie
484 1329 565 1390 rivos
586 1326 638 1390 det
660 1345 734 1390 nova
757 1344 857 1409 pugna
880 1345 984 1391 noros.

291 1417 388 1479 immo
410 1433 505 1478 oorue
527 1432 582 1494 per
604 1413 737 1478 membra
761 1433 853 1478 cruor
874 1414 1011 1478 llurieset
1032 1416 1193 1498 utrimque,

337 1503 401 1565 Nox
422 1502 481 1564 nial
503 1498 668 1563 terribilem
690 1499 817 1580 pelleret
838 1508 903 1564 atre
925 1500 1017 1564 diem.
1170 1513 1172 1518 ’

429 1699 641 1756 Pimocuus
658 1699 707 1754 AB
725 1699 897 1757 HECTORE
915 1700 1123 1758 occlul'ruu.

294 1827 359 1889 Lux
382 1829 484 1886 exorta
506 1825 588 1885 riroe
609 1824 639 1884 in
663 1823 790 1904 pristina
814 1821 891 1885 bella
912 1825 1049 1897 remittit,

338 1911 423 1973 lllnrrt
445 1907 535 1978 lituis,
560 1908 673 1971 validus
694 1906 825 1990 perculit
847 1918 926 1970 aetra
948 1926 1052 1972 sonus.
1213 1916 1264 1969 585

294 1995 441 2062 liardanai
463 1996 615 2076 Danaique
637 1996 730 2057 duces
750 1993 931 2076 jamjamque
952 1997 1166 2078 propinquant,

336 2084 361 2147 i
383 2077 481 2162 priora
501 2083 602 2144 ironto
623 2080 682 2143 tela
705 2079 810 2142 nidere
831 2081 908 2143 ride.

294 2168 487 2230 Concurrunt
507 2169 606 2236 cunei,
629 2163 785 2227 celebrant
805 2168 940 2227 convivia
963 2166 1077 2236 mortio,

337 2251 448 2314 Pocula
470 2250 590 2312 Plutoni
612 2248 841 2329 sanguinolenta
862 2248 960 2317 litant,

293 2337 354 2400 Enl
376 2338 487 2397 iterum
509 2333 592 2397 lerue
614 2333 726 2397 ilector
748 2335 842 2406 adest,
866 2333 921 2414 per
942 2332 1029 2396 derio
1051 2335 1148 2415 campi
1212 2340 1265 2392 ouo

337 2420 472 2497 Exagitet
494 2419 611 2481 Danaoa
632 2436 705 2480 ense
728 2418 858 2478 secando
880 2427 976 2479 cutes.

294 2503 392 2570 (laede
413 2503 596 2566 bienotiades
618 2504 711 2564 nimia
733 2499 932 2563 succumbere
955 2502 1062 2564 Graior

336 2589 465 2652 iutuitus
487 2588 603 2649 medios
625 2587 722 2649 lertur
745 2587 774 2647 in
797 2584 891 2648 boetis
912 2603 1013 2664 egros.

297 2675 411 2746 Caedit,
433 2693 490 2737 noo
511 2673 603 2754 cedit,
625 2671 778 2736 caedendo
801 2671 946 2735 cadavera
968 2671 1061 2744 dedit,
1101 2688 1104 2694 ·

338 2761 476 2826 Gerticos
495 2757 612 2839 jugulat
633 2777 760 2841 ossaque
781 2759 878 2821 lracta
901 2766 995 2822 creat.
1215 2765 1266 2816 ouo

298 2848 335 2911 Et
357 2849 425 2930 quia
448 2847 493 2909 uir
514 2847 601 2909 iortie
622 2847 714 2909 aronio
736 2852 783 2908 oet
804 2863 877 2907 usus
898 2844 1029 2915 Achillia,

341 2935 405 2998 Una
427 2935 602 3016 superficies
624 2949 750 3013 corpora
773 2931 865 2994 multa
889 2932 982 3011 lugat.

296 3020 439 3085 Creditur
460 3039 477 3080 a
500 3019 626 3088 cunctis,
649 3036 707 3080 noo
729 3018 846 3088 mirunr,
871 3017 951 3095 quod
974 3017 1013 3078 sit
1033 3011 1173 3086 Aclrlilee,

340 3103 413 3174 tluls
435 3121 496 3166 nou
519 3102 692 3172 crediderit,
715 3103 766 3164 iric
789 3104 835 3163 nir
856 3111 890 3163 ut
911 3119 993 3163 arma
1016 3099 1092 3163 tulit.

297 3191 417 3260 liector,
441 3191 472 3249 in
494 3189 623 3250 induviis
646 3187 790 3267 dependit
811 3197 845 3249 ut
866 3186 915 3248 bic
938 3185 1054 3256 alienia,
1216 3191 1268 3241 tou

339 3273 558 3337 Subsannativo
580 3271 713 3335 clamitat
734 3274 790 3334 isto
817 3271 923 3334 modo:

297 3360 394 3422 Nemo
416 3377 485 3421 suaa
507 3359 586 3420 vices
608 3356 698 3420 debet
719 3356 945 3428 transcendere,
969 3373 1057 3417 nemo

296 3515 336 3526 ἢ.-
339 3515 500 3524 ...ι-..ιο-

366 3599 494 3650 bib-ld.
511 3598 694 3663 lipiiomator.
713 3613 738 3651 v.
755 3597 858 3647 eon-t

501 3691 535 3702 -
553 3691 585 3701 -
603 3691 636 3701 -
654 3664 728 3714 Huic
746 3663 848 3714 validis
866 3661 979 3714 obolatit
995 3659 1103 3711 viribon
1120 3656 1192 3723 Ajax

365 3731 449 3782 Stena
465 3731 555 3796 primo
572 3732 602 3780 in
619 3732 714 3795 puppi,
734 3730 888 3794 clypeoque
907 3727 1038 3778 incendi·
1056 3742 1142 3778 onere

367 3798 503 3859 Sustinet,
520 3801 550 3847 ot
567 3797 642 3848 eoiua
658 3797 783 3846 defendit
799 3795 876 3846 milio
894 3796 1011 3844 comune.

299 3865 359 3916 oet.
376 3859 552 3929 Epitometor
569 3861 649 3917 iliud.
663 3878 688 3913 v.
700 3865 758 3913 744.
827 3864 886 3912 biib.
910 3861 938 3910 in
951 3859 1087 3922 margine:
1107 3872 1201 3922 pugna
1213 3859 1268 3906 ler-

298 3932 348 3992 tia,
365 3931 395 3981 irr
407 3945 463 3994 qua
475 3929 623 3981 Patroclua
635 3930 671 3981 ab
685 3931 808 3982 Hectore
820 3924 963 3982 occiditur.
1015 3928 1075 3979 ost.
1093 3937 1155 3991 pro:
1167 3922 1270 3974 videre.

298 4001 357 4052 592.
385 3997 526 4050 Scholion:
545 3995 698 4051 Petroolue.
767 3999 826 4051 oud.
858 3995 923 4048 eod.
942 3994 1074 4047 Achillen.
1148 3993 1207 4047 out.
1235 4005 1270 4042 ex

299 4069 425 4136 margine
442 4082 506 4135 pror
526 4067 706 4119 aubaaunato.
