3368 4792
603 767 668 822 Lib.
687 767 725 821 11.
760 783 787 825 v.
810 767 921 821 ott-ot.

285 925 420 1002 lingone,
443 921 599 995 facundus,
623 923 756 1002 prudens
777 926 980 1003 Agamemnon
1005 921 1151 999 utullus,

324 1008 439 1071 Nobilis
460 1015 491 1070 et
512 1009 596 1070 (lires
617 1008 847 1088 pervalidusque
871 1009 935 1071 luit.

282 1094 420 1156 Staturae
441 1093 559 1155 mediae
581 1094 734 1155 Menelaus
756 1092 904 1163 amabilis,
928 1102 1023 1174 aptus,

229 1217 231 1222 ·
324 1179 429 1250 liuius,
453 1178 603 1241 lormosus
625 1183 655 1238 et
677 1179 754 1241 beno
776 1187 880 1257 gratus
903 1185 976 1240 erat.

282 1261 431 1342 Improba,
455 1262 596 1325 mobilior
618 1262 700 1332 lolio,
724 1262 856 1325 Ledaea!
878 1263 993 1324 cadurco

324 1347 392 1410 Non
414 1354 534 1429 poteras
556 1355 638 1408 tanto
660 1346 717 1408 licla
742 1365 864 1409 manere
887 1351 961 1410 uiro.

282 1437 398 1495 leneas
420 1434 504 1494 relus
527 1431 660 1502 affabilis,
683 1452 736 1495 ore
757 1442 909 1504 venustus,

325 1517 435 1586 Fortis,
458 1516 616 1588 facundus,
640 1517 820 1599 consiliique
842 1519 932 1589 solus,

283 1603 381 1682 Nigris
404 1601 540 1664 laudatur
562 1601 667 1673 oculis,
691 1603 744 1665 secl
766 1601 909 1665 alacriter
930 1601 990 1664 illis

325 1686 424 1750 Utitur
446 1696 479 1749 ut
501 1687 613 1756 ridens.
637 1690 683 1748 vir
706 1690 784 1768 pius,
807 1690 868 1749 imo
891 1689 1010 1749 decons.

283 1774 416 1835 Antenor
438 1773 554 1851 longus,
577 1771 706 1848 gracilis,
729 1781 876 1842 vorsutus,
900 1781 1006 1833 acutus

327 1857 386 1928 rsa,
410 1857 504 1936 agilis,
526 1857 621 1927 relos,
645 1859 785 1935 prouidus
807 1865 896 1938 atqcue
919 1856 1014 1918 dicax.

284 1943 344 2007 Ore
366 1950 510 2006 venustus
532 1951 597 2005 erat
619 1950 650 2004 et
672 1951 796 2023 pectore
819 1959 946 2021 maguus
969 1940 1099 2004 Achilles

326 2026 474 2095 Strenuus
497 2035 526 2092 et
547 2027 659 2098 latiaris.
683 2028 852 2110 dapsilitate
875 2027 982 2091 libens.

284 2116 416 2200 ilprteus
438 2117 468 2177 in
492 2117 585 2188 crine.
608 2115 748 2186 clemens,
773 2117 939 2179 acerrimus
961 2115 1062 2186 armis,

328 2204 462 2283 Crispus,
485 2220 649 2266 aurorosus.
673 2201 797 2282 grandia
818 2203 900 2265 lerre
922 2200 1005 2265 levis.

285 2288 413 2369 llapsilis
435 2295 466 2351 et
486 2289 620 2368 prendens
643 2288 808 2359 Patroclus,
832 2307 960 2368 corpore
982 2285 1109 2368 pulclrer

328 2373 423 2437 Corde
445 2374 494 2454 pio
516 2391 619 2453 paoem
641 2377 734 2452 gessit
756 2379 785 2434 et
807 2391 860 2434 ore
882 2372 981 2437 iidem.

283 2459 351 2539 lpse
374 2458 592 2536 smaragdineis
614 2456 709 2519 oculis
731 2458 907 2538 magnisque
929 2457 1067 2526 decorus,

328 2542 369 2604 Os
390 2542 454 2603 sine
477 2549 577 2603 mente
600 2540 709 2620 loquax
731 2541 864 2603 creditur
887 2558 954 2603 esse
976 2544 1068 2602 nolas.

284 2627 390 2690 Clarus
413 2646 494 2701 voco,
519 2625 630 2698 valeus.
654 2629 805 2690 lormosus
827 2625 931 2690 Oileus
952 2625 1034 2706 ljos,

328 2715 442 2793 Corpus
465 2711 635 2782 clcrluctum,
658 2712 794 2776 mortuina
815 2714 959 2794 quadrata
981 2710 1049 2776 sibi.

286 2798 412 2868 vocalis.
436 2797 551 2861 rallrlus
572 2803 642 2863 liar
666 2800 859 2863 Telamonius
881 2809 975 2869 atrox.

329 2885 471 2964 Simplex,
496 2890 644 2950 caesaries
667 2894 727 2949 tarn
750 2888 847 2966 nigra,
870 2888 968 2967 crispa
991 2902 1086 2947 coma.

289 2973 354 3035 Nou
376 2970 525 3034 lormosus
549 2982 613 3034 urat
634 2973 686 3034 sed
711 2979 776 3035 erat
797 2972 945 3034 ineundus
966 2969 1068 3034 Ulixes

331 3057 391 3119 Ore
414 3057 536 3138 quidem
559 3057 637 3119 laeto
660 3077 719 3120 non
743 3067 842 3119 tamen
866 3057 980 3138 absque
1002 3055 1079 3117 clolo.

286 3143 434 3205 Facturao
455 3143 571 3203 mediae
592 3144 649 3204 luit
671 3150 702 3204 et
724 3143 870 3222 sapientia
894 3141 986 3203 multa

329 3226 434 3288 Corolia
457 3227 499 3295 ei:
523 3245 577 3289 cur
599 3227 657 3289 hou
679 3229 874 3307 praeteriisse
896 3225 1003 3287 rellml

286 3309 362 3382 Ouid
386 3311 424 3372 de
445 3312 575 3373 formosa
599 3311 694 3373 dicam
719 3311 873 3374 Briseidol
896 3307 1033 3390 simplex.

330 3395 452 3468 Blanda,
476 3397 655 3469 uerecunda,
679 3397 815 3467 eandida,
839 3403 957 3478 compta
981 3396 1062 3471 luit„

286 3483 394 3544 iuncta
418 3482 587 3563 supercilia,
610 3480 715 3544 molles
737 3483 889 3563 llarosque
911 3480 1038 3561 capillos

331 3568 448 3649 Corpus
469 3576 499 3630 ot
521 3570 654 3650 aequale,
678 3569 789 3630 lumina
812 3567 891 3630 clara
915 3565 1021 3647 probo.
1223 3571 1258 3620 ⁹0

287 3653 457 3717 Debueram
480 3657 626 3736 posuisse.
650 3655 729 3733 quod
754 3654 828 3716 liaeo
851 3650 976 3714 alinbills
999 3659 1078 3713 osset

357 3895 401 3944 to.
419 3891 486 3943 cod.
505 3891 594 3943 volox.
664 3894 707 3943 73.
725 3891 823 3942 Dares.
844 3887 947 3958 capillo
965 3891 1081 3952 myrteo.
1100 3887 1191 3936 lecara.
1208 3881 1258 3946 lv,

289 3960 336 4014 ill
352 3976 444 4018 vcornu
470 3960 605 4026 myrthae.
641 3959 772 4012 Fortasse
797 3962 859 4010 erut
885 3957 963 4010 color
990 3955 1131 4024 nigricans
1156 3954 1188 4003 ut
1214 3965 1258 4016 ap.

287 4032 406 4085 Philoni.
435 4031 504 4086 iler.
534 4029 571 4086 Il.
602 4030 627 4093 §-
644 4033 679 4081 20
706 4047 732 4098 p.
751 4032 802 4082 6⁹0
828 4032 884 4082 nol.
913 4029 1001 4081 6.13.
1032 4024 1090 4092 (ed.
1118 4017 1258 4086 Olennius)

288 4092 449 4168 ὖακινθίνη
467 4090 551 4169 κόμη.
620 4102 661 4154 78.
681 4099 803 4152 creditur
820 4115 870 4166 pro
888 4098 994 4151 codicis
1013 4095 1128 4149 ceditur.
