3368 4792
372 725 410 774 vr
435 678 439 686 ¹
784 710 938 765 l’rnelntio.

374 865 460 934 Neue
498 863 693 944 Senrmlung“
722 866 915 947 inseruimus,
946 875 1141 928 enumeretur
1170 863 1227 928 sub
1261 866 1346 946 signo

374 951 408 1013 ll.
434 947 484 1012 15.
510 949 646 1030 (libell.
670 969 697 1032 p.
718 947 770 1032 37)
795 953 928 1031 „lurlgn
951 950 1063 1013 liberti
1086 950 1203 1014 obbatis
1219 949 1346 1013 Studen-

373 1038 448 1099 sis“.
483 1035 597 1100 Nomen
619 1045 733 1099 tentum
757 1039 899 1108 innotuit,
923 1036 1017 1098 codex
1039 1039 1104 1118 ipse
1127 1039 1226 1119 periit.
1270 1037 1345 1118 Lap-

375 1122 510 1201 ponberg
535 1121 632 1200 (Pertz
656 1132 840 1192 monument,
864 1123 1004 1185 German.
1027 1122 1062 1184 Τ.
1086 1121 1160 1184 xvt.
1182 1119 1246 1184 272
1268 1123 1345 1204 sqq.)

298 1217 299 1220 ’
334 1263 342 1282 ,
376 1207 406 1267 in
431 1207 617 1288 praefatione
640 1207 783 1270 editionis
798 1209 949 1270 annalium
965 1205 1189 1270 libertinorum
1212 1209 1345 1288 suspica·

373 1301 423 1352 tus
459 1299 520 1361 est,
556 1309 665 1354 nomen
694 1293 822 1372 Aurigae
851 1294 880 1355 in
909 1293 1076 1372 Ouadrlgoe
1109 1292 1282 1355 mutandum
1316 1303 1346 1355 et

374 1377 412 1438 orl
436 1376 493 1440 boe
516 1376 629 1440 liberti
652 1395 774 1443 carmen
801 1378 959 1440 referendo
988 1397 1067 1448 esse,
1097 1396 1174 1459 quoe
1203 1381 1234 1440 in
1258 1377 1346 1441 ebro·

375 1463 445 1524 nico
478 1465 650 1526 monosterii
684 1463 935 1527 llosenreldensis
965 1461 1033 1542 (cir.
1057 1463 1132 1542 Vogt
1159 1472 1344 1525 monument.

375 1565 435 1609 rer.
460 1549 601 1611 German.
621 1546 703 1611 1740
724 1549 759 1612 Τ.
781 1550 795 1612 Ι
817 1569 846 1632 p.
864 1547 947 1626 136.)
969 1549 1007 1611 de
1029 1549 1167 1612 monaehi
1190 1549 1346 1630 cujusdem

379 1632 631 1698 lloscnveldensis
662 1637 788 1697 metrico
816 1636 905 1718 libro,
934 1639 987 1716 qui
1014 1638 1123 1698 dieitur
1152 1635 1345 1715 „Quadrign“

376 1728 555 1792 nouantur,
593 1721 693 1784 addito
731 1720 796 1784 loco
833 1741 869 1784 ex
904 1723 963 1784 boo
996 1719 1160 1802 Quadriga‘
1177 1724 1344 1801 desumpto.

376 1805 544 1887 tirtadrigoe
572 1825 682 1870 nomen
710 1805 787 1870 liber
815 1808 885 1871 inde
913 1807 1020 1879 uellit,
1048 1807 1128 1889 quod
1158 1809 1196 1870 de
1219 1816 1346 1890 quatuor

377 1891 537 1971 evangeliis
560 1895 628 1974 egit.
675 1893 772 1957 Locus
802 1892 852 1956 ille
879 1894 1022 1956 describit
1049 1896 1264 1956 monesterium
1288 1893 1346 1956 llo·

375 1975 516 2040 senrelde
540 1979 737 2060 sequentibus
759 1978 921 2042 libertinis
943 1978 1102 2042 simillimis
1124 1980 1274 2042 versibus:

422 2063 495 2134 „list
519 2064 603 2126 locus
625 2083 640 2124 a
665 2064 761 2126 llosco
784 2069 833 2146 qrri
859 2067 947 2127 troxit
970 2067 1091 2127 nomine
1113 2083 1232 2134 nomeu,

418 2149 450 2208 ln
473 2150 570 2229 spatio
592 2151 748 2230 speciosus
771 2160 801 2210 et
823 2153 854 2211 iu
877 2152 977 2232 specie
999 2153 1157 2231 spatiosus,

418 2233 513 2304 Quem
536 2235 610 2296 situs
634 2237 699 2315 ipse
721 2234 788 2303 locl.
813 2253 901 2316 qoem
925 2253 1025 2296 rerum
1049 2237 1134 2315 copie
1158 2243 1314 2305 monstret,

418 2317 512 2389 Quem
521 2319 670 2382 Comitum
683 2320 839 2400 praelargo
852 2338 966 2393 nunnus,
979 2339 1067 2402 quem
1081 2321 1198 2382 culmen
1212 2320 1346 2390 honoret,
1387 2326 1397 2334 ”

418 2401 513 2472 Quom
536 2407 633 2484 pietus
656 2406 828 2476 Procerum,
851 2424 940 2486 quem
967 2407 1054 2467 vestit
1076 2406 1170 2484 glorio
1193 2406 1319 2484 Regum,

417 2488 471 2549 Est
492 2487 575 2550 locus
597 2486 663 2570 ipse
687 2509 762 2562 rosa,
786 2509 865 2568 roso,
889 2494 986 2571 campi
1009 2490 1111 2568 gloria,
1136 2493 1231 2551 nescit

418 2572 498 2634 llaec
521 2591 589 2635 roso
613 2575 774 2652 spinetum,
798 2593 894 2656 neque
916 2577 1022 2656 pungit
1043 2576 1126 2654 spino
1149 2585 1292 2637 rosetum.

418 2657 471 2720 Est
494 2657 577 2720 locus
600 2661 664 2740 ipso
688 2679 766 2731 roso.
789 2679 848 2722 non
873 2661 947 2722 boec
969 2679 1037 2722 roso
1063 2678 1150 2722 mnne
1173 2660 1304 2742 Cydippe

418 2743 550 2826 Vespere
574 2743 648 2807 lueis
671 2747 738 2818 erit,
763 2746 852 2808 modo
874 2746 994 2816 llorens,
1017 2749 1155 2827 protinus
1177 2763 1276 2816 arens,

419 2827 505 2892 Nune
527 2829 629 2902 rubro,
653 2851 721 2894 mox
745 2832 868 2913 pallens,
892 2831 1111 2910 modoinum,
1135 2831 1223 2893 livida
1246 2831 1346 2893 stetim

419 2915 506 2979 Nune
528 2919 628 2979 oriens
651 2917 739 2980 simul
763 2927 793 2980 et
815 2920 961 2980 moriens:
985 2935 1123 2980 erescere
1147 2935 1298 2998 nunquam

420 3000 500 3063 llaec
521 3001 597 3064 solet
620 3006 735 3067 aeterni
759 3005 903 3066 foecundo
926 3007 1093 3086 propagine
1116 3005 1207 3080 veris,

420 3087 486 3149 Nou
510 3098 615 3160 nestas,
639 3109 698 3152 non
722 3089 812 3152 audet
834 3089 939 3162 biems,
963 3107 1023 3151 non
1044 3088 1153 3152 Aeolus
1176 3089 1261 3152 istem

421 3172 601 3235 llerosulnre
624 3193 733 3237 rosam.
772 3175 835 3236 llos
858 3183 904 3236 est
926 3176 1038 3255 pellere
1060 3192 1198 3237 rosarum

418 3257 494 3316 Solis
517 3258 553 3318 ed
577 3261 727 3327 intuitum,
751 3257 842 3320 trehit
864 3259 938 3320 boec
960 3279 977 3320 e
999 3256 1062 3319 sole
1084 3257 1238 3327 ruborem,

418 3337 567 3418 Quicquid
590 3338 681 3402 lrabet
703 3350 809 3403 nature
832 3340 914 3412 boni,
937 3341 1021 3404 locus
1043 3343 1100 3402 iste
1123 3340 1257 3403 locorum

418 3423 565 3496 Continet,
588 3444 676 3488 omne
700 3423 770 3488 meli
792 3425 972 3489 fermentum
995 3425 1114 3506 longius
1136 3434 1220 3487 ercet

417 3509 534 3588 liegino
556 3510 628 3574 solls
650 3511 704 3574 ubi
727 3510 905 3575 sublimibus
927 3510 985 3574 alto
1008 3509 1166 3574 columnis.

461 3595 660 3680 bappenberg
696 3599 761 3661 sine
798 3595 889 3661 dubio
925 3607 1009 3662 reete
1047 3599 1216 3678 suspicatus
1243 3607 1290 3660 est
1318 3609 1350 3661 et

375 3684 507 3764 scriptor
542 3683 667 3764 catologi
702 3684 991 3750 llordesbolmionsis
1019 3684 1048 3747 d.
1078 3703 1105 3748 a.
1140 3679 1222 3748 1488
1257 3683 1348 3747 titulis

375 3768 619 3832 antecedentium
647 3768 806 3835 librorum:
836 3775 977 3852 „toroge
1002 3770 1065 3852 (sic)
1094 3771 1175 3834 Petri
1203 3769 1240 3832 de
1263 3771 1347 3850 llige,

374 3855 490 3917 buroro
514 3855 594 3917 Petri
617 3856 654 3917 de
675 3855 770 3936 llige“
793 3857 937 3938 deceptus
960 3875 1015 3937 per
1037 3874 1174 3918 errorem
1197 3873 1252 3934 pro
1269 3857 1346 3929 One·

374 3936 459 4017 drlgo
483 3941 603 4018 scripsit
626 3943 746 4020 Auriga.

463 4024 521 4084 Sed
549 4027 705 4086 mittemus
733 4024 813 4087 bunc
844 4024 954 4087 librum
985 4022 1071 4104 cujus
1099 4039 1208 4086 nomen
1232 4032 1346 4086 tentum
