3368 4792
449 654 489 720 ιε
757 657 822 711 ata.
840 655 864 709 1.
898 670 924 710 v.
942 657 1088 708 aee-eoo.

422 857 427 870 .
493 809 606 874 Debent
628 817 661 872 ut
683 807 733 871 taii
757 811 841 889 virgo
863 809 972 872 decoro
995 809 1075 880 dari;

448 898 538 962 Foeta
561 897 680 978 quidemr
704 894 786 958 vobis
809 913 868 958 non
892 906 939 958 est
961 897 1080 966 iniuria,
1104 897 1235 976 primum
1370 904 1422 955 ees

491 983 606 1048 Prodiit
628 1001 644 1046 a
668 991 766 1045 restro
791 981 990 1046 Laomedonte
1011 981 1121 1046 scetus.

449 1071 591 1133 Venimus
613 1073 644 1131 in
668 1086 751 1150 paee,
775 1069 885 1151 repulit
906 1087 962 1132 nos
984 1068 1167 1132 dedecorosa

491 1156 616 1218 Nostros
638 1155 799 1216 intendens
821 1157 974 1233 exagitare
997 1157 1076 1234 iuga.

449 1241 529 1302 Siste
551 1241 692 1320 gradum:
716 1257 776 1300 non
800 1247 853 1308 est,
876 1241 955 1320 quod
979 1239 1042 1301 iers
1064 1241 1094 1300 in
1117 1246 1250 1316 pectore,
1274 1247 1410 1318 gretum;

491 1327 652 1405 Propositt.
674 1323 805 1393 rediens,
827 1324 973 1386 contraire
995 1323 1059 1384 reia
1082 1323 1138 1385 tui.
1370 1331 1423 1381 230

449 1409 499 1473 Nii
520 1409 646 1472 credens
668 1418 777 1478 ectum,
801 1417 862 1470 tam
884 1407 957 1490 qnid
981 1417 1153 1489 superesset
1175 1406 1324 1488 agendum

492 1499 626 1558 Antenor
647 1493 747 1556 diiiert
770 1495 919 1557 vciiiicore
942 1495 1075 1556 domum.

449 1582 585 1646 Nestoris
607 1581 781 1662 aggreditur
803 1579 986 1654 habitacnio;
1010 1583 1148 1651 atrocius,
1172 1581 1278 1662 inquit,

493 1669 536 1730 nd
559 1677 675 1730 vestroe
697 1669 765 1728 reni
788 1665 963 1729 veiiticando
984 1667 1072 1728 iares.

451 1753 608 1835 Supplicat
629 1753 796 1833 Hesyonem
820 1769 873 1813 rer
896 1752 991 1823 reddi,
1015 1752 1122 1815 damno
1147 1751 1273 1814 tacendo
1371 1760 1423 1810 too

495 1838 564 1900 vuit
587 1839 719 1918 reprimi,
743 1837 840 1916 pudor
862 1846 908 1899 cst
930 1837 1075 1900 ulteriora
1098 1836 1190 1918 ioqui.

452 1923 514 1985 iiac
537 1925 601 1984 vice
624 1924 661 1983 de
683 1923 805 2002 praeda.
830 1922 867 1983 de
889 1924 970 2000 regis
992 1933 1089 1984 morte
1111 1929 1254 1992 tacemus,

495 2009 546 2070 Est
568 2025 658 2088 grave
680 2007 760 2085 quod
783 2005 881 2068 rioieat
902 2024 1138 2070 commemorare
1160 2005 1219 2068 diu.

452 2093 566 2165 Omnia,
591 2111 645 2155 rex
667 2094 747 2168 dicit,
771 2111 847 2172 quaec
870 2104 940 2155 snrn
961 2092 1039 2155 iiiata
1064 2092 1210 2175 probrose

494 2181 525 2242 Si
548 2179 638 2242 inerit
660 2181 743 2259 virgo
765 2177 892 2250 reddita,
915 2181 996 2260 pacis
1020 2189 1117 2242 erunt.
1374 2189 1426 2238 ‘tau

451 2267 510 2330 ttat
534 2267 623 2328 nimis
645 2275 701 2336 cst,
724 2265 814 2346 qnod,
838 2268 942 2336 autrico.
967 2267 1058 2347 petis!
1082 2261 1266 2328 ritarderatins
1288 2265 1374 2348 opteri

495 2353 539 2416 Sit
563 2352 669 2415 domus
691 2352 846 2434 iiesyonac
869 2354 985 2424 Grecia,
1009 2353 1118 2415 Nestor
1140 2354 1190 2414 nit.

454 2438 508 2501 [iic
530 2445 629 2500 tamen
653 2441 778 2507 interea,
802 2456 894 2518 quum
917 2446 947 2498 te
968 2439 1075 2499 iidncte
1098 2438 1209 2499 nostris

496 2523 653 2603 Appuierit
674 2521 796 2590 teribus,
819 2521 934 2602 pacifici
959 2541 997 2584 ne
1019 2523 1141 2584 snmusi

456 2604 604 2668 Ulteriora
626 2606 707 2685 ioqui
729 2603 827 2686 pudor
850 2614 897 2666 est
918 2605 982 2674 tibi,
1007 2606 1054 2668 dic
1078 2624 1141 2686 age,
1165 2625 1274 2685 magno
1374 2618 1425 2667 245

496 2691 616 2768 Absque
640 2689 754 2751 rubore
776 2689 857 2772 ioqui
879 2707 960 2752 nunc
982 2691 1060 2752 maie
1083 2701 1184 2754 nostro
1206 2711 1296 2774 queo.

453 2774 570 2845 Nescis,
594 2793 670 2854 qnae
692 2776 785 2836 inerit
805 2774 885 2836 iiieta
908 2775 1056 2837 cninmnia
1079 2775 1202 2838 Graecis

497 2858 563 2924 Iam
588 2870 651 2922 tam
675 2861 804 2941 paciiicis
826 2863 858 2921 in
882 2861 1042 2923 Simoentis
1065 2865 1168 2942 equis?

454 2946 605 3026 Numquid
629 2965 661 3009 es
682 2945 794 3009 obiitus
815 2945 895 3028 quod
918 2947 1062 3011 Graecam
1086 2966 1138 3009 rer
1163 2955 1231 3012 tuas
1253 2951 1324 3012 oiim

498 3033 540 3095 Er
564 3033 692 3114 Phrygia
713 3031 799 3113 jnssit
822 3033 906 3094 ocius
928 3031 974 3094 iro
997 3036 1111 3096 ratem?
1374 3047 1425 3097 250

454 3118 571 3183 Excidit
593 3136 628 3178 ex
654 3121 753 3180 animo
776 3118 838 3188 tibi,
863 3120 1011 3198 quomodo
1034 3129 1093 3181 tam
1116 3120 1216 3184 sabito
1238 3140 1293 3183 nos

497 3203 637 3266 Cedcndo
661 3204 809 3280 ornandam
833 3206 1010 3265 sustinuisse
1032 3205 1150 3283 iargami

455 3290 559 3357 Codes,
583 3306 622 3348 ne
645 3297 775 3348 nostram
800 3299 849 3349 tna
872 3289 1008 3350 mordeat
1030 3308 1140 3351 ancora
1163 3299 1275 3352 terram

498 3375 618 3444 Ferrea,
643 3391 692 3435 res
716 3372 859 3454 Phrygias
882 3373 994 3436 Graeca
1018 3376 1130 3437 reiutat
1152 3377 1268 3438 irnrnns.

456 3461 518 3524 iiex
542 3469 611 3522 tuns
631 3467 677 3520 est
692 3461 837 3530 Priamus,
861 3459 970 3538 gaudet
984 3478 1105 3540 qaroqne
1121 3465 1245 3524 Graecia
1261 3481 1341 3542 rege,
1375 3473 1426 3524 tce

498 3551 541 3609 dn
566 3547 663 3607 noscis
686 3545 788 3625 tangas
811 3546 933 3624 rugitus
956 3565 1022 3608 esse
1045 3549 1172 3608 tarnensi

455 3703 594 3712 ——·--—-
599 3701 660 3709 ...-

523 3785 582 3834 226.
600 3783 669 3837 disc.
688 3789 789 3834 nostro.
859 3787 918 3836 eii.
938 3787 990 3838 Or.
1011 3803 1035 3836 e.
1053 3788 1132 3840 Pont.
1151 3787 1175 3850 1,
1193 3787 1218 3850 8,
1238 3787 1280 3838 tt.

507 3853 547 3903 Ah
566 3852 678 3902 nimium
699 3857 751 3916 est,
771 3852 852 3918 qnod,
872 3854 967 3917 amice,
987 3855 1075 3918 potis!
1094 3853 1266 3906 moderatius
1284 3861 1365 3922 optet

454 3923 513 3973 254.
537 3921 603 3971 ntae.
623 3921 725 3984 repetit
743 3919 878 3986 anchora,
903 3921 964 3971 sine
983 3937 1080 3984 senen,
1104 3938 1153 3988 pro
1171 3939 1226 3989 que
1244 3926 1422 3991 scripsimusa

454 3991 556 4042 ferreo.
627 3989 687 4038 256.
706 3986 800 4038 Ovidii
819 3995 863 4040 est
880 3988 995 4040 Heroid.
1014 3989 1102 4054 XVII,
1121 3991 1177 4042 tud.
