3340 4788
429 665 472 730 τε
736 665 798 718 cto.
815 665 867 716 111.
903 680 928 716 v.
947 665 1092 715 ees-sss

429 819 492 881 iios
513 819 602 879 etiam
624 815 754 878 subiisse
777 817 870 877 refert
893 815 1021 876 tentorio
1045 813 1146 884 Rhesi.

473 903 569 975 Quem
592 903 755 983 perimunt,
779 900 889 981 procris
913 916 969 960 neo
991 898 1117 960 rediisse
1141 897 1214 971 ievi;

430 987 491 1048 iios
513 987 648 1066 rapuisse
670 984 768 1056 simut,
791 1003 868 1066 quos
890 983 970 1045 nuiis
991 985 1094 1064 perire
1116 985 1222 1062 sagitte

474 1072 586 1141 Posset,
611 1069 776 1150 nubigenos
800 1069 847 1131 iric
870 1069 1044 1132 memorarit
1066 1086 1169 1149 equos.

430 1156 615 1218 Crediderim
638 1158 683 1216 sic
706 1155 835 1216 dicentii
857 1156 926 1233 quis
949 1152 1029 1214 nubo
1051 1162 1168 1214 creatos

472 1243 494 1302 Α
516 1241 616 1321 primo
641 1240 743 1300 rnuodi
767 1247 903 1320 tempore
926 1235 1000 1300 vidit
1021 1239 1133 1317 equos?

430 1324 495 1390 Non
519 1327 628 1388 miror!
652 1323 765 1407 majora
789 1333 887 1386 inovet
908 1323 1063 1386 mettriocio
1088 1321 1174 1396 heito,

473 1411 523 1476 isti
545 1429 637 1494 quum
660 1411 736 1473 duos
760 1419 862 1474 narret
884 1411 989 1472 edesse
1013 1410 1102 1481 deos;

431 1499 489 1562 Pro
512 1498 614 1562 Potitio
635 1497 740 1560 Titotis
762 1513 817 1579 pro
841 1497 965 1559 Graecis
988 1495 1060 1558 iuno
1083 1497 1193 1560 istotor

473 1585 510 1650 Et
531 1585 610 1668 quoti
633 1604 688 1667 pro
711 1583 819 1648 Pericle
841 1587 969 1648 moverit
991 1603 1072 1647 arms
1097 1583 1206 1647 Venus.

429 1673 591 1737 Praetereo
615 1681 699 1736 recto
721 1689 779 1734 non
802 1671 913 1733 cecinit
933 1671 1039 1733 ordine
1062 1668 1183 1742 tetrum,

472 1763 531 1821 Aut
552 1777 568 1820 s
592 1755 747 1828 militibus.
771 1759 821 1838 qui
844 1755 991 1826 cecidere,
1015 1755 1135 1835 quibus.

431 1844 514 1907 Hanc
536 1853 656 1924 qooqtre
679 1844 833 1906 materiam
856 1842 996 1922 figmenta
1020 1844 1136 1921 poetice
1159 1841 1282 1914 nebant,

473 1927 560 1990 Sicut
583 1928 725 2006 Virgilius
746 1945 828 1989 srms
852 1933 1010 2007 virumque
1032 1943 1153 1988 canens.

430 2012 489 2074 Sed
513 2012 634 2093 Phrygii
657 2022 740 2074 tonet
762 2012 917 2073 historiam
941 2010 1018 2072 iiber
1039 2013 1097 2072 iste
1119 2010 1235 2072 Daretis

472 2095 529 2169 Oui
552 2104 672 2176 praeter
695 2113 798 2157 rerum
821 2098 972 2176 scriptitat
992 2095 1063 2156 inde
1085 2095 1170 2157 oiitii.
1351 2106 1404 2156 teo

429 2180 516 2243 Hunc
538 2197 659 2260 sequor.
683 2179 825 2260 adjiciens
847 2181 998 2242 interdum
1021 2179 1112 2240 verbs
1135 2182 1278 2251 virorum,

472 2261 591 2335 Quaero
615 2263 813 2343 loquebantur
835 2264 880 2325 vei
903 2273 1029 2344 potuero
1053 2262 1143 2345 ioqui.

429 2349 561 2412 Ponetur
583 2348 662 2430 quod
686 2359 716 2411 et
739 2349 768 2410 hi
791 2367 851 2412 non
874 2349 936 2411 sint
958 2367 992 2410 ec
1017 2349 1094 2410 forte
1117 2349 1218 2416 locuti.

472 2435 584 2498 Causae
607 2436 773 2518 praesentis
794 2443 863 2496 sunt
885 2443 983 2496 temen
1007 2443 1075 2514 apta
1099 2438 1152 2495 roi.

519 2581 643 2636 VERBA
661 2581 784 2638 Uttxls
803 2581 851 2636 ΕΤ
869 2581 928 2636 sul
946 2579 1043 2636 soon
1061 2579 1110 2635 AD
1128 2580 1311 2641 PRIMUM.

429 2687 544 2750 intrant
566 2687 602 2748 ed
626 2686 776 2754 Priamum
798 2687 871 2747 socii
895 2685 963 2758 duo,
987 2693 1086 2747 servat
1108 2686 1211 2748 Ulixes
1350 2699 1402 2748 eso

472 2772 606 2834 Stemets
631 2769 801 2842 recisorum,
825 2770 915 2833 verbo
938 2778 1038 2833 notsts
1062 2789 1195 2834 moveos.

430 2857 454 2920 0
475 2859 619 2939 princeps
641 2853 785 2937 Trojano!
809 2864 875 2919 tuas
898 2873 953 2918 nos
975 2857 1065 2919 mittit
1087 2857 1123 2918 sd
1146 2875 1235 2920 sures

473 2943 657 3006 Graecorum
682 2941 799 3014 ductor,
823 2939 888 3023 ejus
911 2942 949 3004 sb
971 2960 1025 3004 ore
1048 2943 1163 3025 loquor.

429 3029 493 3092 iiea
516 3028 606 3092 ione!
630 3029 655 3091 si
677 3031 799 3111 sopiens
821 3047 863 3101 es.
886 3032 965 3092 sicut
988 3027 1064 3091 isoio
1086 3029 1205 3100 fatetur,

472 3114 537 3180 Non
560 3123 606 3179 est
628 3114 758 3179 bellandi
781 3117 906 3180 maximo
930 3133 1001 3179 curs
1025 3111 1092 3177 tibi!
1141 3183 1144 3192 ,
1350 3127 1404 3178 too

432 3201 549 3265 Sufficit
570 3204 602 3264 in
626 3219 751 3281 magns:
774 3201 906 3264 medium
930 3208 1054 3264 tenuere
1077 3199 1165 3274 besti,

472 3287 654 3370 Praecipites
676 3287 785 3349 ducum
808 3304 898 3365 esopo
921 3285 1016 3348 tulere
1039 3285 1128 3348 diem.

496 3438 556 3494 121.
575 3437 711 3490 sobuiaas.
747 3437 880 3491 Narratio
897 3438 932 3490 do
948 3437 1040 3492 Rheso
1058 3437 1119 3504 ejus
1141 3455 1176 3490 uo
1195 3442 1274 3507 equis
1292 3443 1400 3495 invoni-

429 3511 473 3556 tor
492 3505 563 3572 apud
583 3507 766 3573 Epitoroator.
782 3523 809 3559 r.
827 3509 878 3560 ’180
890 3523 950 3574 sqq.
1006 3509 1065 3558 232.
1085 3454 1183 3560 meiius
1202 3511 1321 3563 fortasse

631 3575 678 3628 liii
697 3591 779 3643 quum
797 3575 877 3629 divos
895 3581 990 3628 narret
1008 3576 1107 3628 ariosas
1124 3576 1193 3629 riuos

427 3643 487 3695 ets.
506 3657 537 3696 cs
554 3645 688 3710 marginis
706 3661 755 3713 pro
773 3646 878 3698 codicis
900 3642 970 3710 ojua.
1057 3647 1117 3698 iol.
1136 3646 1208 3701 mod.
1230 3655 1287 3700 tec.
1311 3649 1399 3702 boati.

428 3709 506 3763 Haeo
534 3714 689 3776 muntia,
717 3729 775 3779 qua
803 3721 898 3766 ooatcr
927 3713 1042 3780 primum
1072 3728 1139 3766 caus
1169 3714 1256 3769 iuiass
1282 3717 1402 3781 videtur,

427 3779 639 3831 transformatio
651 3781 734 3833 Orici.
746 3781 857 3832 Metam.
870 3782 907 3844 11,
922 3784 969 3832 181
988 3782 1080 3832 modio
1097 3783 1253 3834 tutisaimua
1271 3785 1327 3836 ibis
1341 3793 1399 3848 ort3

427 3844 568 3897 invonitur
588 3847 634 3898 ior
651 3847 802 3913 aphorismi
815 3851 845 3898 ct
857 3847 996 3898 axiomata
1009 3847 1126 3901 aciosta.
1144 3849 1256 3901 Aitdori
1267 3853 1343 3904 1145.
1356 3855 1399 3902 ts.

426 3913 485 3962 252.
504 3910 603 3964 Sonos.
621 3915 718 3980 Agant.
737 3917 768 3966 11
789 3914 963 3980 Praecipites
981 3929 1076 4032 repom
1096 3929 1179 3967 casua

834 3983 958 4033 Portuno
978 3997 1012 4033 vo
1026 3989 1064 4033 ot.
