3372 4788
568 741 629 798 cin.
650 743 694 798 rr.
730 757 755 793 v.
774 744 919 796 sle-on.
1169 741 1232 810 195

297 899 439 962 Promisit
461 907 579 976 tempus
602 908 704 960 nostra
727 901 844 961 marina
867 898 988 978 ortibus.

257 987 355 1046 Mente
378 992 478 1045 tamen
502 982 612 1044 turnicio
636 991 772 1060 cogente,
796 984 937 1062 superbia
962 987 1072 1047 mansit

299 1069 451 1129 Materiam
476 1067 558 1128 rnuiti
581 1067 784 1145 compositura
808 1068 888 1129 maii.

256 1153 393 1214 Nascitur
414 1155 494 1214 inter
517 1170 568 1212 eos
592 1168 711 1220 rancor,
736 1162 846 1222 tumor,
869 1155 923 1222 ira,
947 1153 1091 1224 simultas,
1180 1163 1231 1214 010

297 1236 429 1297 invidiae
451 1239 578 1305 facinus,
603 1253 671 1296 curn
695 1236 813 1297 tentare
837 1236 933 1298 dotus.

256 1321 392 1400 lienique
414 1322 597 1382 conveniunt
619 1318 687 1380 lites
708 1319 844 1381 acuendo
867 1319 1045 1383 Corinthum

299 1406 484 1468 Inmemores
507 1406 660 1486 propriam
686 1405 731 1466 rix
755 1407 889 1485 tetigisse
911 1405 1042 1478 cornum,

257 1491 294 1551 Et
316 1491 375 1552 nisi
398 1489 542 1552 Nestorea
566 1506 670 1567 paoem
694 1488 814 1552 suadela
837 1500 963 1560 crearet,

304 1576 415 1638 Fessus
438 1595 471 1638 se
493 1573 620 1656 populos
643 1576 772 1636 innova
796 1574 874 1638 100110
897 1577 991 1638 daret.
1183 1587 1235 1638 820

260 1659 294 1721 10
318 1679 370 1720 sna
395 1661 516 1722 victoria
539 1676 702 1723 conversus
725 1662 838 1722 viscera
861 1662 943 1722 ierro

303 1745 407 1806 Fastus
429 1747 585 1807 consuerit
608 1753 650 1805 tot
671 1761 818 1823 generare
842 1743 927 1806 maia:

258 1829 319 1892 Nec
341 1831 406 1894 sine
426 1829 544 1913 jactura
567 1829 720 1896 110001ου0
742 1831 864 1896 foedere
887 1829 975 1893 ioerio

302 1916 403 1980 Foede
426 1918 564 1981 foedatus
585 1920 617 1980 in
640 1935 693 1980 sua
716 1935 810 1998 regna
834 1918 928 1991 redit:

259 2004 374 2068 Rumor
395 2006 427 2077 it,
451 2013 482 2068 et
504 2023 645 2087 magnum
668 2004 859 2068 sermonibus
881 2015 1008 2086 occupat
1030 2005 1146 2081 orbem,
1184 2016 1234 2069 82⁶

302 2092 377 2155 Dum
401 2111 476 2172 quae
499 2094 687 2174 contigerant
709 2090 844 2154 urbisin
867 2111 939 2156 auro
961 2101 1083 2155 sonant:

260 2179 354 2250 uuam
378 2179 461 2242 Paris
483 2177 655 2248 abstulerat.
679 2188 709 2241 et
730 2197 786 2259 pro
808 2199 867 2260 qua
891 2179 1015 2241 Graecia
1039 2187 1098 2242 tota

304 2263 359 2325 Per
382 2263 476 2326 denos
496 2282 591 2327 aranos
612 2264 726 2346 proelia
750 2267 851 2336 morit,
875 2264 971 2328 adest!

261 2350 359 2411 Patrio
384 2355 540 2414 concurrit
563 2348 618 2412 hoc
640 2369 696 2432 pro
719 2347 849 2411 muliere
871 2349 1007 2421 videntia,

301 2432 348 2495 ob
370 2453 460 2514 quarn
484 2443 527 2498 tot
548 2453 700 2513 proceres,
725 2439 768 2494 tot
789 2436 908 2514 periere
930 2434 1032 2497 duces.
1180 2445 1233 2496 000

168 2517 171 2529 “
260 2517 398 2590 Quamvis
419 2519 545 2599 pulchra
568 2521 656 2590 soret.
680 2521 794 2588 dicunt,
819 2521 889 2599 quia
912 2518 999 2580 foede
1022 2520 1127 2581 fuisset

303 2603 393 2666 i’ossa
416 2605 607 2687 peragrinum
632 2612 739 2687 sponte
761 2603 919 2687 libensque
942 2606 1047 2674 rirrrnr.

262 2689 327 2754 1100
350 2711 383 2754 so
406 2691 574 2756 debuerant
596 2694 625 2755 in
649 2699 774 2755 mortem
798 2709 853 2772 pro
876 2690 1002 2755 muliero

306 2778 365 2839 1000
389 2781 486 2860 turpis
507 2781 604 2841 iamne
627 2778 717 2840 0011110
742 2785 821 2840 10010
845 2777 926 2840 dare.

262 2863 323 2925 Nec
346 2871 464 2943 poterat
486 2865 630 2926 mundum
653 2863 782 2944 Trojano
804 2864 891 2925 ruina
912 2863 1018 2938 latere,
1187 2871 1237 2922 800

308 2948 443 3030 Undique
465 2950 543 3011 sarna
567 2949 654 3018 rotat,
677 2948 766 3026 Troja
791 2966 844 3028 por
867 2966 919 3009 ora
943 2946 1031 3010 tabat.

259 3033 410 3104 'Mirantur
431 3035 604 3115 quicunqno
627 3031 725 3096 soient
745 3035 861 3096 ratione
883 3033 990 3112 potiri:

305 3118 461 3181 Narrantis
483 3118 593 3199 coniux
616 3117 727 3198 pendet
748 3116 785 3180 ab
808 3135 861 3180 ore
884 3120 947 3179 viri.

263 3202 362 3284 Troia,
386 3203 496 3275 ierunt,
520 3204 637 3275 cecidit,
661 3223 749 3285 quom
773 3201 867 3282 gloria
890 3203 968 3266 celsa
992 3200 1107 3274 levarit.

304 3289 493 3374 Magnificum
517 3309 608 3372 saepe
630 3308 739 3353 nomen
762 3289 800 3351 ad
822 3298 900 3351 astra
925 3287 1001 3350 tuiit.
1188 3293 1240 3347 840

263 3377 379 3448 Quanta
402 3384 572 3457 potentatus
593 3377 704 3440 inerint
726 3376 853 3455 insignia
876 3374 985 3458 Trojae

308 3463 374 3531 Nec.
392 3463 519 3528 insontia
542 3471 640 3547 potest
662 3482 802 3546 promere
825 3460 924 3544 lingua
948 3461 1035 3525 bono.

264 3551 337 3634 Ejus
359 3551 558 3615 inirorrebant
581 3552 681 3614 audito
704 3553 824 3614 nornine
848 3568 944 3629 reges,

310 3637 381 3720 Ejus
402 3639 439 3700 ad
462 3638 621 3721 imperium
645 3648 855 3701 contremuere
879 3636 986 3706 trices:
1034 3721 1037 3724 Ι

335 3795 466 3804 -.a-——a

334 3880 393 3930 888.
413 3877 506 3930 Ovidii
525 3884 570 3930 est
587 3877 698 3928 Metam.
716 3877 765 3935 vl,
787 3877 843 3926 147.
920 3875 979 3928 887.
998 3874 1040 3926 uu.
1060 3873 1110 3924 Ov.
1129 3871 1198 3923 Her.
1217 3871 1241 3936 1,

265 3947 308 4002 29.
325 3949 366 3998 80.
436 3943 712 4011 11100010010011000
731 3957 819 4007 senes,
838 3941 1017 4008 trepidaeqne
1036 3938 1162 4006 puellos:
1209 3941 1212 3948 “

472 4014 619 4066 Narrantis
636 4011 737 4079 conjux
755 4009 858 4081 pendet
877 4011 913 4062 nb
931 4023 978 4061 000
998 4007 1058 4060 viri.

267 4085 328 4140 888.
346 4081 414 4138 Cori.
433 4081 584 4150 conjuunx.
633 4101 634 4106 ¹
1037 4085 1038 4090 ’

985 4161 1037 4214 18·
