3426 4786
438 749 529 806 VITA
548 749 798 807 WlbblBRORlll
817 749 990 812 uuuulcs.
1025 752 1092 809 LlB.
1112 753 1147 811 11.
1239 757 1281 823 33

306 905 453 992 Cumque
474 903 644 994 fatigatus,
668 905 819 972 Phoebea
843 906 989 993 lampado
1012 909 1117 975 tostus

308 990 426 1058 Divitis
447 991 481 1056 in
503 995 632 1077 pratum
654 991 746 1077 pravi
770 992 943 1059 diverteret
964 995 1124 1093 amplum,

310 1075 370 1142 Vir
390 1077 472 1142 moti
494 1077 609 1162 cepitis
630 1078 807 1163 procurrit,
831 1079 965 1144 victima
986 1078 1089 1163 Drtis,

306 1160 462 1226 Evomuit
483 1162 614 1227 foedum
637 1163 703 1227 litis
725 1185 786 1248 pus
808 1167 906 1262 atque
929 1185 1107 1244 venenum,

254 1245 505 1332 ⁴⁵⁵Gornipedee
527 1247 612 1313 laeto
636 1269 745 1314 caesos
768 1253 877 1334 eregit
898 1249 938 1315 cb
961 1272 1047 1316 erro.
1217 1327 1221 1334 Ι

307 1331 369 1398 Sed
391 1332 510 1399 celeres
534 1356 550 1398 e
575 1334 658 1399 uites
680 1355 748 1400 non
770 1333 879 1420 iurgia
900 1338 993 1402 tanto
1015 1334 1157 1402 ferent-es

308 1416 390 1484 Cum
413 1419 536 1484 vellent
552 1355 684 1484 boetem
706 1420 775 1485 rita
796 1421 924 1505 privare
946 1443 1135 1506 procacem,

308 1503 420 1580 Iussit,
443 1526 485 1570 ne
506 1504 667 1587 fecerent,
691 1527 732 1571 ne
754 1506 914 1654 sanguine
937 1528 971 1572 se
994 1507 1205 1574 macularent.

310 1586 467 1653 Dulcibus
489 1587 577 1653 bunc
599 1590 708 1654 verbis
730 1611 790 1673 pro
828 1591 909 1656 sctis
932 1592 1054 1657 mulcet
1076 1593 1217 1659 acerbis:

256 1690 296 1730 reo
309 1671 421 1737 ‘Parce
442 1673 521 1755 tibi,
543 1672 605 1754 fili,
628 1695 670 1738 ne
692 1674 796 1757 saevi,
819 1692 914 1758 perce
936 1675 1053 1754 iurori,

309 1755 361 1819 Ad
382 1760 414 1820 te
436 1756 553 1842 collige
575 1761 625 1836 te,
649 1761 793 1823 mentem
815 1779 892 1843 rege
899 1807 909 1841 ,
932 1763 999 1842 eta,
1023 1760 1086 1824 resi
1112 1759 1195 1840 isce,

311 1837 430 1922 Pensa,
454 1841 481 1904 si
504 1861 635 1924 caperes
657 1841 735 1925 iter,
758 1862 800 1906 au
823 1841 856 1906 id
879 1843 932 1928 egi
954 1842 1016 1908 tibi
1040 1782 1149 1908 velles.

309 1922 398 1999 Quae
420 1930 487 1990 tam
510 1925 672 1991 crudelem
696 1927 816 1991 retinet
836 1948 918 2012 gens
941 1926 1080 1993 barbara
1102 1949 1242 2013 rnorem,

310 2013 431 2075 Arceet
452 2015 491 2076 ut
512 2010 607 2076 viridi
630 2012 731 2078 lassos
754 2011 792 2078 de
816 2013 963 2096 gramine
987 2013 1111 2097 campi,

259 2111 299 2153 ros
313 2094 406 2170 Quod
430 2095 505 2160 dum
529 2117 607 2181 grex
631 2096 730 2179 rodit,
754 2101 884 2163 tantum
906 2120 959 2164 ros
981 2103 1077 2164 nocte
1099 2098 1243 2184 reponit,

314 2179 472 2247 Observet
494 2182 617 2261 fontes,
640 2182 783 2249 declivos
805 2183 947 2271 abneget
967 2183 1102 2250 omnes?

312 2264 387 2331 Non
409 2267 470 2333 tibi
493 2268 647 2333 molimur
668 2268 840 2349 damnum,
863 2292 922 2354 pro
945 2269 1210 2355 praevenimus,

312 2350 488 2420 Tendimus
510 2353 546 2419 in
567 2352 712 2420 Fresiam
735 2376 887 2440 sponsam
910 2355 1040 2421 domino
1061 2355 1285 2440 copulandam.

313 2437 452 2526 Legatos
475 2439 586 2526 sponsi
610 2462 687 2506 cura
709 2440 737 2506 si
759 2442 879 2508 iuveris
900 2443 1005 2526 omni,
1207 2448 1285 2503 trev

258 2544 298 2586 no
311 2523 459 2592 Praemia
479 2525 639 2613 percipies
661 2549 720 2612 per
742 2549 819 2612 nos,
844 2526 934 2595 velut
955 2528 1025 2615 ipse
1047 2526 1185 2593 labores.

314 2609 429 2679 Docere
452 2635 637 2696 rancorem,
660 2615 773 2700 procul
797 2638 817 2680 a
839 2617 872 2681 te
894 2615 979 2700 pelle
1002 2617 1180 2697 tumorem,

311 2697 488 2767 Nobiscum
511 2701 650 2788 prande,
674 2701 764 2787 bibe,
788 2702 955 2769 nobiscum
981 2724 1019 2768 ue
1042 2701 1178 2768 recede.’

312 2786 461 2855 Profectu
484 2789 575 2855 nullo
596 2793 748 2855 narratur
769 2788 882 2855 fabule
903 2725 1014 2856 surdo:

311 2872 470 2962 Congruit
490 2874 566 2941 lruic
589 2881 681 2942 ‘onos
703 2875 819 2960 lyras’‚
843 2877 987 2941 induruit
1008 2876 1066 2940 irc.

259 2977 299 3018 rra
314 2959 381 3025 Mel
402 2965 496 3046 peter
518 2960 656 3042 infudit,
679 2961 784 3040 virus,
807 2961 853 3026 fel
876 2961 931 3026 ille
953 2961 1092 3025 refudit:

314 3042 404 3108 ‘Non
425 3065 485 3127 pro
508 3065 587 3128 pace
608 3045 717 3127 venis,
742 3045 927 3130 aretalogns
949 3065 1019 3109 esee
1042 3043 1171 3106 rideris.

312 3125 375 3191 Sed
398 3127 464 3191 vim
487 3128 645 3192 dictorum
669 3131 861 3209 contemno,
885 3127 992 3192 refuto
1014 3129 1160 3201 tuorum,

312 3208 389 3274 Non
410 3231 484 3276 mea
505 3215 601 3295 prata
622 3214 725 3275 sinam
748 3211 787 3275 de
811 3213 888 3294 esci,
910 3232 978 3276 non
999 3210 1061 3274 tibi
1084 3209 1204 3276 cedam.

312 3293 396 3358 Nolo
418 3297 573 3375 moreris,
596 3295 665 3377 abi,
688 3315 762 3360 mea
784 3235 910 3360 ibedere
932 3315 1054 3380 pascua
1074 3291 1154 3359 noli.

260 3396 300 3438 ceo
315 3377 436 3444 Munus
458 3377 533 3444 nolo
555 3382 664 3462 tuum,
692 3401 758 3446 non
781 3378 940 3465 prandeo,
969 3400 1036 3444 non
1058 3377 1136 3443 bibo
1159 3378 1289 3442 tecum?

316 3463 402 3530 ‘Non
426 3465 516 3545 bibe,
538 3465 584 3532 sic
607 3465 678 3531 sitl’
702 3466 749 3532 ait
771 3467 885 3531 doctor
907 3464 1038 3531 divinus
1062 3467 1095 3528 et
1117 3462 1192 3544 ivit,

316 3550 425 3638 Liquit
446 3552 602 3619 avaritiae
625 3553 708 3634 loce,
732 3552 850 3620 radicis
873 3551 1020 3618 vitiosae.

314 3637 389 3705 Non
412 3639 526 3705 eberat
548 3640 662 3726 longe,
685 3639 757 3706 sitis
780 3640 877 3728 ignea
899 3639 1002 3705 crevit
1024 3637 1058 3703 in
1081 3635 1193 3715 hoste,

317 3727 364 3792 Ac
386 3726 414 3792 si
436 3748 495 3813 per
516 3749 615 3793 venas
637 3726 791 3812 repuisset
813 3726 937 3793 torrida
959 3725 1076 3810 dipsas.

380 3885 430 3937 481
450 3879 576 3936 Pbebeia
595 3881 655 3936 GT
738 3884 790 3936 484
809 3878 923 3934 foedum
942 3881 969 3936 G
1016 3875 1159 3932 ledumT
1241 3878 1293 3930 480
1377 3885 1383 3898 ·

314 3949 374 4005 seri
398 3949 424 4004 Τ
502 3954 553 4004 488
575 3966 615 4006 ao
639 3950 752 4004 obseret
775 3950 806 4004 ut
829 3949 937 4005 lanne?
1016 3953 1067 4002 470
1094 3944 1208 4000 Premis
1237 3941 1296 3999 GT

314 4025 364 4075 472
382 4018 546 4076 recaech
622 4024 673 4076 478
691 4017 808 4076 caedem
829 4018 856 4074 G
937 4023 987 4075 480
1005 4015 1128 4088 prandes
1147 4014 1172 4070 Τ
1243 4016 1293 4068 488

315 4087 437 4146 ricioroe
456 4089 515 4146 GT
582 4095 633 4146 484
652 4090 756 4160 dypscs
774 4089 834 4145 GT

366 4186 483 4229 'l'lrlolrldl
498 4188 549 4230 rlta
564 4187 666 4230 Wllllbr.
682 4189 748 4229 men.
762 4185 798 4227 cd.
813 4186 936 4237 Rosulrerg.
1092 4179 1107 4230 3
