3426 4786
424 711 978 769 v1TAw1nalssaouD1nu'rach.
1007 711 1110 772 LlB.l.
1129 711 1164 768 11.
1239 709 1279 778 19

302 867 422 954 Saepta
443 867 630 934 monasterii
653 866 793 934 condens
814 868 849 933 in
871 867 967 934 litore
989 866 1096 933 Rheni

301 951 342 1017 Iu
364 955 469 1018 crucis
491 973 531 1017 ac
552 953 623 1016 diae
645 952 787 1017 sacravit
807 951 932 1018 honore
955 951 1089 1032 Mariae,

303 1033 480 1102 Constituit
501 1035 687 1100 cathedram
717 1035 778 1099 sibi
803 1034 1028 1118 contiolaeque
1050 1034 1275 1117 proseucham.

249 1140 292 1182 oro
304 1117 367 1185 Sed
388 1119 470 1185 mihi
493 1118 656 1184 Pieridum
679 1118 761 1204 pede
782 1140 849 1184 non
873 1122 924 1184 est
944 1116 1228 1204 progrediendum,

300 1202 362 1270 Est
382 1203 619 1289 respirandum,
643 1203 809 1269 recreandi
831 1225 922 1270 more
943 1201 1146 1269 morandum.

762 1407 818 1483 ΙΙ.

344 1541 400 1612 ΙΧ.
448 1541 624 1628 Impositos
661 1542 832 1609 cathedrae
860 1541 1027 1694 Wlibmrd
1062 1541 1179 1629 grandi
1216 1543 1276 1608 sub

938 1649 1039 1694 onore
1197 1634 1277 1692 tarr

299 1712 375 1780 Non
396 1713 491 1780 aliter
512 1714 623 1780 docuit
645 1736 743 1800 quam
767 1713 859 1796 vixit,
882 1713 936 1780 sed
959 1714 1087 1799 priore
1114 1714 1147 1778 't.

300 1797 459 1885 Quicquid
481 1799 536 1886 agi
557 1801 669 1882 suasit,
694 1800 758 1865 dux
780 1799 932 1886 praevius
954 1803 1031 1866 ante
1054 1821 1095 1865 vo
1108 1799 1187 1886 avit,

299 1887 386 1952 Ante
408 1885 485 1952 tulit
506 1907 665 1975 gressum,
688 1908 767 1974 grex
789 1889 827 1953 ut
848 1908 883 1952 ss
905 1908 973 1952 non
997 1885 1150 1970 alienum,

272 1972 386 2040 sGrex
409 1976 446 2039 ut
466 1977 629 2074 pastorem
650 1976 849 2060 sequeretur,
871 1995 938 2039 non
961 1973 1070 2060 gregis
1093 1972 1232 2040 hostem.

301 2063 350 2126 Ac
371 2061 641 2146 superrntendens
663 2065 701 2127 ut
722 2061 835 2146 fulgur
857 2059 964 2126 eundo
986 2062 1153 2126 revertens

301 2143 342 2212 Se
364 2145 514 2212 meminit
533 2147 728 2213 monachum
753 2147 866 2212 matris
888 2147 927 2212 ds
949 2150 1062 2212 ventre
1084 2145 1238 2229 dicatum,

301 2229 392 2296 Ursit
412 2231 616 2329 propositum
639 2232 800 2308 monachi,
823 2253 1029 2330 cursumque,
1054 2230 1212 2295 volatum:

301 2313 372 2380 Hoc
394 2315 457 2381 srbi
479 2315 661 2381 subiectum
684 2314 822 2381 nutrivit
843 2316 877 2380 in
900 2315 1012 2380 ordrne
1035 2315 1167 2381 clerum.

261 2425 288 2462 ro
343 2398 383 2463 Χ.
415 2400 618 2547 Aspelicam,
637 2421 706 2465 non
721 2400 897 2464 humanam
919 2399 1040 2465 ducens
1061 2399 1159 2464 homo
1175 2399 1274 2463 vitam

298 2482 449 2548 Excessit
494 2483 645 2565 ominem,
668 2484 770 2568 gessit
792 2504 920 2547 carnem
943 2483 1014 2547 siue
1037 2504 1144 2566 carne,

297 2565 384 2631 Nam
410 2566 669 2632 commendatam
691 2567 815 2633 studuit
836 2566 1008 2652 decuplare
1030 2566 1207 2650 probatam

296 2650 362 2717 Ivit
383 2674 441 2738 per
463 2651 606 2718 Fresiam
629 2651 754 2718 Rabodi
778 2653 946 2738 regnantis
969 2652 1003 2718 in
1026 2651 1144 2736 aulam,

297 2737 483 2804 Insinuavit
504 2739 534 2804 ei
555 2736 704 2804 caelestis
726 2739 891 2825 agalmata
913 2738 1016 2825 regni,

259 2846 285 2886 1⁵
299 2821 360 2888 Sed
382 2823 431 2888 nil
452 2822 601 2908 profecit,
624 2824 790 2908 quianon
813 2825 848 2889 in
870 2827 1016 2910 tempore
1038 2822 1139 2888 venit.

299 2908 439 2994 Tempus
463 2911 583 2995 quippe
606 2908 652 2974 rei
675 2909 734 2975 sub
757 2910 825 2976 sole
848 2909 937 2976 dedit
958 2907 1036 2975 dens
1059 2907 1162 2992 omni,

298 2993 449 3080 Tempus,
472 3016 531 3080 per
552 2995 676 3078 species
699 2995 786 3080 quod
809 2993 925 3060 dividit
947 2992 1176 3061 ‘ecclesiastes’

297 3078 372 3144 Nou
396 3082 434 3145 ut
455 3079 649 3145 Aristoteles
671 3083 804 3166 argutas
826 3101 885 3165 per
907 3079 1061 3161 rationes,

297 3163 360 3232 Sed
382 3186 440 3250 per
462 3164 643 3231 inauditam
665 3163 834 3250 Spartanis
857 3165 1057 3250 allegoriam.

258 3273 284 3314 ro
298 3251 417 3337 Aptius
440 3254 614 3336 expectans
636 3253 765 3336 tempus
787 3271 961 3350 secumque
982 3249 1135 3315 volutans

298 3337 431 3424 Absque
453 3336 557 3404 David
581 3335 664 3403 clavi
688 3336 734 3404 nil
757 3335 862 3404 claudi
885 3334 932 3402 nrl
956 3335 1073 3438 aperiri
1195 3342 1274 3402 lor*

299 3425 464 3493 Absccseit
485 3428 625 3492 maestus
648 3424 748 3492 laetos
771 3423 894 3491 reditus
917 3423 1099 3490 habiturus.

365 3641 415 3692 517
434 3633 523 3706 Septa
541 3633 601 3690 GT
633 3632 775 3691 littoreG
849 3639 899 3690 518
918 3633 991 3702 dyae
1012 3631 1073 3688 GT
1139 3637 1190 3687 519
1208 3648 1272 3687 con·

297 3705 387 3760 ciulac
412 3703 471 3760 θΤ
551 3709 602 3760 520
625 3702 778 3771 Pyeridum
802 3701 861 3760 GT
946 3705 1010 3769 post
1027 3717 1053 3756 a.
1074 3707 1122 3756 521
1148 3699 1273 3771 Explicit

296 3772 370 3829 liber
387 3773 497 3841 primus
516 3771 576 3826 GT

365 3839 469 3908 Incipit
485 3838 559 3893 libor
575 3839 715 3892 secundus
735 3839 793 3892 GT
863 3842 873 3891 l
896 3838 1038 3906 Inpositus
1058 3837 1084 3898 G
1155 3835 1270 3902 liquid·

297 3907 416 3976 quidT
454 3904 571 3976 previus
595 3905 654 3959 GT
729 3911 854 3973 tauper
876 3903 1027 3958 intendens
1053 3901 1112 3958 GT
1190 3907 1220 3955 12
1244 3899 1274 3953 li

296 3991 363 4030 nam
382 3974 504 4098 (dodim
558 3980 589 4028 ll
608 3973 721 4028 celestis
740 3973 766 4027 Τ
817 3978 848 4027 17
866 3970 1110 4027 aecclesiartesG
1165 3973 1196 4024 18
1209 3967 1273 4021 Ari·
1391 4009 1403 4018 ,

298 4042 408 4099 stotlles
482 4041 658 4098 notionesT
715 4047 746 4096 19
764 4041 941 4111 allegcryam
962 4038 1020 4095 θΤ
1074 4039 1234 4154 22.ωοιιιιι
1247 4035 1274 4091 0

1084 4129 1100 4176 2
