3372 4788
1193 775 1255 843 201

285 930 377 990 Vince
400 929 484 1009 [rrius
507 928 663 998 Venerem,
686 931 712 992 si
737 929 779 991 ris
803 948 894 1012 eques
917 947 983 994 esse
1007 931 1116 995 ririiis:

329 1015 428 1076 Armis
450 1020 481 1076 et
503 1014 611 1077 Veneri
635 1034 724 1078 rrenro
747 1033 853 1077 vacare
874 1022 981 1097 potest
1099 1045 1108 1070 ·

286 1097 349 1162 Nee
370 1098 444 1170 iaus,
469 1117 525 1162 nee
548 1100 693 1180 probitas,
718 1119 773 1164 nec
797 1099 894 1163 honor
916 1119 1061 1180 superare
1083 1101 1228 1184 pueliam:

327 1185 386 1247 Sed
411 1184 534 1248 Veneris
556 1185 660 1248 vitium
685 1187 804 1248 vincere
826 1186 923 1249 landis
946 1205 1031 1267 opus.
1223 1197 1257 1248 tu

284 1270 351 1333 uon
375 1289 454 1333 nune
478 1271 588 1334 frustra
612 1271 737 1335 Veneris
759 1271 811 1334 aed
835 1280 932 1336 eastra
954 1272 1114 1335 Minervae.

328 1358 407 1419 iiaee
430 1356 518 1420 uocet
539 1357 588 1420 iiia
612 1358 698 1429 inrit3
722 1359 796 1421 irase
816 1357 906 1439 jurat,
930 1357 978 1421 iiia
1002 1366 1099 1423 nocet.

284 1445 349 1506 Janr
373 1446 518 1526 resipisce
540 1444 621 1522 Pari,
645 1463 792 1526 naresque
815 1444 953 1527 relinque
976 1452 1101 1524 paratas,

328 1529 457 1593 Consilio
481 1547 591 1609 parens
610 1531 672 1610 jam
695 1532 839 1612 resipisce
862 1532 943 1594 Pari!

288 1617 362 1678 Guur
384 1618 424 1678 sit
446 1634 531 1679 amur
553 1617 669 1688 vetitus,
694 1619 775 1680 vetiti
798 1617 894 1680 maius
917 1625 1002 1680 aetus
1023 1619 1144 1681 auroris.
1224 1628 1257 1678 tu

330 1701 362 1763 Si
385 1699 481 1763 malus
504 1721 575 1780 ergo
598 1711 700 1772 noret:
723 1704 868 1772 sineret,
892 1707 964 1783 ergo
988 1703 1066 1782 iuge.

287 1784 377 1866 Cujus
399 1795 502 1867 coepta
525 1786 632 1855 scelus.
657 1787 789 1850 medium
813 1789 912 1858 timor,
937 1789 1034 1849 exitus
1056 1789 1169 1868 igniss·

329 1871 373 1932 Τιι
396 1871 478 1950 iuge,
500 1880 531 1933 tu
556 1870 692 1954 reproba.
717 1882 749 1934 tu
772 1873 933 1936 metuendo
957 1891 1037 1936 caue.

289 1957 347 2020 Seri
371 1967 515 2040 conrepta
540 1960 645 2041 nequis
669 1961 761 2023 uitare
784 1960 926 2040 cupidine
949 1961 1053 2030 rietus,

330 2042 395 2116 Ouo
418 2043 617 2126 quodcunque
640 2063 728 2126 paras
751 2053 835 2127 peste
858 2063 966 2126 parare
988 2063 1101 2127 parem.
1224 2055 1259 2107 8⁰

289 2129 333 2192 'l'a
356 2136 406 2190 tua
428 2132 487 2192 iata
512 2129 644 2203 trahunt,
667 2149 704 2193 ue
727 2139 831 2212 coepta
854 2129 1025 2212 relinquere
1048 2133 1161 2214 possis:

334 2215 373 2278 Ut
394 2216 493 2296 rapias
514 2213 658 2279 Helenam
681 2225 710 2278 te
734 2222 782 2279 tua
806 2217 864 2279 tata
888 2217 1018 2279 trahunt

290 2302 340 2363 Sia
363 2302 527 2364 autumnis
550 2319 661 2370 amans,
683 2303 727 2363 sie
749 2320 791 2371 se,
814 2303 858 2364 sic
880 2304 979 2364 umrria
1003 2303 1130 2380 spernit:

333 2386 508 2457 Consilium,
532 2388 652 2457 tamara,
677 2387 808 2458 foedera,
831 2385 909 2467 jura.
934 2377 1016 2448 cleos.

290 2471 347 2533 iiie
370 2488 453 2532 amor
477 2479 510 2531 ut
531 2490 685 2552 praeceps,
710 2483 742 2532 ut
764 2490 882 2542 coecus,
907 2480 940 2532 ut
962 2473 1156 2550 impetuosus,
1227 2482 1260 2530 85

336 2555 374 2618 Ut
395 2556 511 2616 ratione
535 2574 652 2627 carens,
676 2556 772 2617 nescit
794 2554 906 2617 trabere
930 2555 1062 2617 murium.

292 2639 348 2703 iiie
371 2659 455 2703 amor
478 2648 523 2704 est
544 2660 657 2711 anneus,
681 2639 749 2704 aliis
772 2641 913 2703 inirnirus
936 2649 966 2701 et
987 2641 1060 2720 ipsi;

333 2727 399 2790 Non
422 2745 515 2798 arnor,
540 2727 632 2788 irnrno
654 2727 767 2798 scrius:
791 2745 849 2789 uon
873 2725 982 2812 scetus,
1006 2727 1098 2788 trumo
1121 2726 1216 2789 furor.

291 2811 416 2876 Instruit
438 2829 511 2889 ergo
534 2819 621 2884 rates,
645 2814 753 2875 transit
775 2830 867 2884 rnare,
890 2813 1009 2893 quaerit
1031 2813 1168 2884 amicam,

336 2897 419 2959 itane
440 2899 529 2978 rapit,
552 2898 607 2960 hac
631 2901 750 2969 [ruitur.
775 2898 852 2961 trane
875 2896 952 2960 maie
974 2903 1056 2959 tutus
1079 2897 1178 2960 habet.
1227 2907 1262 2956 su

294 2983 440 3046 Custodes
461 3001 515 3045 seu
539 2984 574 3054 vi,
598 3002 652 3044 seu
675 3001 810 3053 munere,
834 3001 887 3045 seu
911 3001 1001 3064 prece
1026 2983 1103 3054 vieti,

338 3067 387 3130 vet
411 3086 495 3138 uere.
519 3068 564 3129 vei
588 3067 721 3141 latebris,
745 3067 790 3129 rei
815 3069 932 3148 periere
955 3077 1046 3130 nretu.

294 3151 358 3225 Quo
381 3171 434 3215 rex
457 3151 560 3216 audito
582 3152 742 3234 Menelaus,
765 3153 836 3215 ιΙιιιιι
860 3154 962 3216 sternit
983 3155 1038 3223 ira,

337 3239 389 3300 Vix
414 3246 497 3301 tenet
517 3257 533 3300 a
556 3236 653 3320 giariio
676 3258 708 3300 se
733 3239 862 3302 feriente
884 3239 1013 3300 manus(
1266 3283 1269 3286 -

294 3322 367 3394 uter.
391 3333 482 3402 tonat,
507 3326 626 3394 insanit,
650 3324 779 3394 trerrriut,
803 3326 906 3404 gemit,
930 3333 1055 3396 aestuat,
1079 3323 1172 3394 ardet,
1228 3331 1262 3381 uu

339 3411 458 3475 incusat
480 3407 615 3493 superus,
639 3411 765 3481 muenia,
789 3413 858 3480 iata,
882 3412 1001 3474 iratunr.

294 3498 364 3561 uun
387 3499 466 3560 enirn
491 3501 578 3560 ritarn
601 3497 689 3561 siruui
713 3508 742 3559 et
764 3495 867 3560 solatia
892 3499 983 3560 vitae:

339 3585 469 3655 Divitias,
492 3585 636 3664 requiem,
660 3583 777 3663 gaudia,
801 3591 929 3663 sceptra,
953 3582 1064 3645 citrum.

295 3667 405 3732 itiaruit
426 3670 491 3749 ipse
516 3672 606 3732 rnori:
630 3671 697 3750 quia
723 3687 782 3730 non
805 3670 952 3731 moriatur
974 3667 1099 3737 adulter,

338 3754 389 3816 Sic
411 3771 475 3824 sua,
499 3756 540 3816 sie
563 3761 683 3834 reputat
704 3773 736 3815 sa
760 3753 831 3814 nitrit
856 3753 968 3834 absque
990 3771 1054 3815 sua.
1218 3762 1267 3811 100

296 3836 450 3899 Excidium
473 3836 581 3917 Trojae
604 3847 720 3904 tractat.
745 3836 874 3906 motitur.
899 3837 1032 3898 anhelat:

341 3921 416 3983 unm
440 3924 535 3984 sniuur
561 3923 696 3984 Parisinus
721 3923 801 3984 uincit
823 3922 909 3983 outre
933 3941 1049 4002 narrant.

365 4117 405 4171 it.
437 4115 541 4166 irrratrn
558 4135 591 4157 =
611 4114 707 4178 inusta,
728 4113 842 4164 irnustn.
