3340 4788
411 642 454 710 94
719 645 782 703 ern.
801 643 852 702 111.
887 659 913 698 v.
932 646 1077 702 err-rot.

411 803 436 865 E
459 799 537 865 bello
561 803 679 866 tandem
704 803 858 884 Sarpedon
881 802 1000 864 saueius
1022 801 1094 873 exli,

455 889 488 951 ln
512 889 562 951 teli
586 889 653 953 tells
676 887 798 952 llumlne
821 889 910 970 piseis
932 889 999 949 erit.

413 975 514 1055 Pugna
537 976 602 1038 dies
624 984 724 1038 manet
745 975 774 1037 in
798 973 923 1056 aliquos,
946 990 1016 1055 pers
1038 980 1165 1056 utroque
1188 973 1295 1056 perdit,

455 1065 477 1123 A
500 1059 609 1122 Prieml
633 1060 736 1143 plures
758 1067 843 1142 parte
866 1061 982 1142 perisse
1004 1067 1101 1140 putes.
1334 1069 1386 1120 oso

598 1240 674 1296 PAX
691 1239 817 1295 DATUR.
834 1239 906 1295 PER
923 1238 1056 1294 Annuit
1073 1239 1190 1295 UNUM.

412 1365 518 1426 Pacem
541 1363 632 1444 'l'reje
655 1368 739 1443 petit,
764 1364 852 1425 delur
874 1382 961 1432 enno.
986 1381 1112 1442 corpore
1136 1373 1285 1440 quaerunt

454 1449 532 1511 Sena
556 1447 658 1520 larem,
683 1450 800 1512 lotleem
824 1451 935 1518 seuele.
960 1465 1044 1510 meso
1068 1447 1215 1511 scrobem.

412 1536 514 1598 Firma
537 1535 610 1598 ildes
634 1537 783 1617 utrimque
806 1545 915 1604 nistret,
939 1553 994 1615 per
1016 1541 1114 1596 eostre
1138 1543 1259 1614 rugetur

455 1621 587 1683 Graecus
609 1621 766 1690 dardanis,
791 1621 945 1682 dardanus
968 1620 1113 1698 Argolica.

410 1705 505 1766 Troes
528 1724 594 1766 eum
618 1706 735 1776 Densis,
758 1705 850 1767 uenat
873 1723 941 1768 eum
964 1704 1095 1766 'l'roibus
1118 1703 1211 1775 iberti,
1332 1714 1381 1765 68⁶

455 1792 556 1869 Argivi
578 1789 708 1851 subeunt
730 1791 857 1858 moenis.
882 1799 976 1851 eostre
1002 1790 1140 1868 Phryges.

411 1875 512 1936 illutus
535 1877 676 1953 permixti
698 1874 852 1936 eelebrent
873 1874 1015 1942 convivia,
1039 1873 1126 1943 ludis,

454 1958 584 2029 Visibus,
607 1957 746 2039 alloquiis
767 1958 943 2035 deliciisque
966 1966 1080 2018 recent.

410 2044 579 2122 Assumptis
602 2045 693 2105 soelis
715 2047 799 2106 iussu
822 2041 988 2104 Palamedis
1010 2042 1128 2104 Atrides

454 2129 488 2191 ln
510 2129 631 2212 lipsium
655 2133 772 2202 transit,
796 2128 884 2192 dneet
907 2137 939 2191 ut
962 2128 1030 2190 inde
1053 2127 1146 2190 eibos.
1333 2139 1383 2188 eso

411 2215 453 2278 lie
476 2215 642 2278 Palamedis
663 2217 705 2279 ibi
728 2219 760 2280 llt
781 2216 928 2278 seditione
950 2216 1081 2296 querele,

452 2303 575 2366 Atrides
597 2306 695 2385 primo
718 2301 808 2366 verim
832 2304 943 2366 lemml
966 2322 1010 2365 ee.

410 2391 449 2450 Se
472 2393 545 2452 soeii
569 2389 698 2453 doluisse
720 2394 836 2462 lerunt:
861 2391 983 2452 mutatio
1006 2391 1102 2468 regui,

453 2475 547 2547 Ouum
570 2475 670 2546 voluit,
694 2472 807 2558 populo
829 2475 985 2537 commode
1008 2493 1102 2555 peuce
1125 2474 1201 2536 tulit.

410 2559 454 2620 'l'e
477 2561 576 2637 potius
598 2578 700 2640 regem
723 2561 868 2622 vellemus
889 2579 978 2641 quum
1001 2559 1200 2630 Palamedem,
1329 2570 1378 2620 695

454 2644 511 2705 Pro
533 2662 566 2706 se
588 2645 717 2708 sundere
740 2655 864 2707 noverat
884 2645 934 2707 ille
958 2645 1045 2706 bene.

410 2727 487 2809 Non,
511 2732 610 2808 inquit
630 2732 720 2792 sociis
742 2734 942 2808 Agamemnon
966 2728 1001 2790 ad
1026 2733 1089 2802 iste,
1114 2727 1271 2799 molestor:

453 2811 517 2873 Non
541 2811 617 2875 mihi
640 2817 787 2895 surrepsit
808 2812 887 2875 ullus
909 2813 947 2876 ab
969 2813 1039 2874 inde
1062 2812 1161 2881 dolor:

410 2895 468 2956 Sed
493 2905 626 2958 nostrum
650 2915 827 2977 peragemus
849 2915 933 2975 opus,
958 2897 1119 2959 reddemus
1142 2905 1264 2960 onustus

451 2984 575 3043 Annene
598 3001 696 3054 neves,
720 2993 750 3044 et
771 2991 941 3062 repetemus
963 2984 1032 3044 iter.
1330 2993 1381 3042 τοο

411 3064 529 3126 Interea
552 3066 699 3148 Phrygios
720 3067 858 3128 observet
880 3069 977 3128 cnrrtio
1001 3085 1111 3138 muros,

451 3149 636 3229 Praecipitur
658 3152 762 3213 llrmus
785 3155 897 3213 llrmior
921 3170 986 3212 esse
1009 3153 1101 3212 loeus.

409 3231 446 3291 Et
468 3231 537 3310 vigil
561 3232 713 3312 Argolicas
735 3245 834 3297 servet
856 3237 990 3297 eristodin
1014 3235 1117 3302 lessus,

451 3314 593 3379 llillieiles
616 3317 724 3381 liabent
746 3320 840 3382 lrostis
863 3328 895 3379 nt
917 3321 987 3380 inde
1011 3322 1081 3380 rins

407 3471 611 3482 ——ss

475 3559 534 3612 681.
552 3557 666 3629 Margo:
687 3559 741 3612 l‘nx
760 3561 822 3624 Vll,
840 3559 922 3612 nnius
941 3560 1015 3616 nnui.
1077 3561 1136 3610 otte.
1156 3562 1278 3613 scrobem
1298 3563 1377 3614 seiro-

407 3626 464 3679 lien
496 3630 629 3696 marginis
656 3630 871 3698 interpretetur:
899 3632 1012 3685 lorsam.
1099 3631 1158 3689 odo.
1187 3631 1304 3698 lipsium
1328 3650 1376 3702 pro

407 3691 550 3754 Moesiam.
621 3701 679 3756 699.
699 3715 715 3751 e
736 3701 858 3767 margine
878 3717 926 3768 pro
945 3704 1066 3753 onestus.
