3368 4792
334 1364 564 1441 Abundans
592 1367 644 1442 IN
672 1366 885 1442 'tttotttnn
911 1365 1150 1443 ttndtsrnt

634 1486 855 1564 Anssntt'rl.

343 1679 377 1740 ln
400 1679 457 1742 boo
480 1697 574 1760 opere
596 1679 674 1742 siout
697 1683 727 1741 in
751 1677 887 1758 qualibet
908 1698 942 1740 re
964 1687 1153 1761 ‹parueruntnr
1175 1681 1232 1743 tria

259 1765 388 1826 seilicet:
422 1765 508 1845 qnid,
539 1765 643 1845 quale,
674 1781 780 1842 quare,
813 1765 843 1826 b.
867 1785 894 1826 e.
926 1768 1050 1826 materia
1080 1766 1174 1826 forma
1204 1775 1234 1827 et

259 1868 358 1912 eausa.
405 1849 527 1912 Materia
555 1849 664 1911 difdnit
692 1849 764 1930 quid
787 1852 827 1912 sit
853 1869 918 1919 res,
949 1851 1043 1912 foruna
1066 1850 1163 1932 qualis
1185 1852 1232 1919 sit,

260 1943 290 1996 et
308 1955 342 1997 re
358 1937 454 2015 posita
470 1944 501 1998 et
522 1933 587 2015 ejus
609 1933 752 2016 qualitate
775 1953 917 2017 expressa
940 1954 1059 1999 oausam
1076 1937 1234 2016 positionis

258 2018 359 2084 statim
383 2029 535 2102 exspectat
556 2023 674 2083 animus
696 2020 854 2084 auditoris.
888 2022 1012 2084 Materia
1029 2019 1117 2100 liujus
1134 2023 1234 2102 operis

259 2114 305 2168 est
325 2107 489 2188 'frojanam
513 2105 640 2177 bellurn,
670 2125 746 2188 qnae
776 2126 826 2168 res
854 2110 919 2186 ipsa
948 2108 1119 2170 mirandum
1143 2109 1235 2169 eiiloit

260 2197 291 2254 et
311 2193 468 2256 famosum.
513 2193 652 2255 billamat
679 2195 760 2254 onim
790 2189 863 2253 illud
887 2193 932 2254 vet
961 2195 1086 2256 infamat
1108 2193 1231 2255 fortium

259 2281 437 2350 strenuitas,
466 2277 512 2339 ret
541 2287 574 2340 ut
602 2277 702 2340 terius
730 2275 827 2338 dicam
853 2277 988 2348 fatuitas.
1019 2295 1137 2356 pugnae
1166 2295 1234 2339 eru·

260 2363 378 2434 delites,
414 2366 583 2425 occisorum
613 2364 829 2432 numerositas,
867 2363 1011 2443 temporis
1040 2361 1232 2432 diuturnitas,

259 2447 389 2509 incendii
417 2449 603 2517 immanitas,
634 2465 711 2528 qnae
738 2445 854 2526 singula
885 2453 1047 2523 tanguntur
1070 2449 1101 2508 in
1128 2465 1233 2526 opere.

260 2532 394 2594 Primum
418 2533 548 2612 tangitur
571 2534 601 2593 in
625 2531 670 2594 11ο
694 2531 789 2603 libro,
813 2549 912 2611 pugna
936 2531 998 2592 111ο
1021 2531 1117 2593 libro:

325 2617 390 2680 Non
414 2629 479 2680 erat
501 2618 575 2680 bare
599 2634 697 2697 pugna
721 2616 906 2698 pavidorum,
932 2636 1000 2680 nam
1023 2617 1111 2680 simul
1135 2635 1231 2687 acres,

368 2705 481 2777 l'ortes,
505 2704 634 2768 audaces
657 2705 705 2768 bic
727 2706 852 2786 periisse
877 2704 976 2777 ridrs;

259 2810 378 2874 pugnae
400 2791 564 2855 erudelitas
587 2793 617 2855 in
640 2791 684 2852 V⁰
707 2791 801 2854 libro:

323 2879 379 2942 llic
401 2877 516 2950 rabies,
540 2896 663 2951 ranoor,
686 2878 841 2948 fremitus,
865 2876 1023 2950 violentia,
1048 2877 1135 2951 livor,

367 2965 430 3038 bis,
454 2965 573 3034 odium,
597 2967 712 3035 ferror,
736 2965 881 3044 impetus,
905 2965 965 3035 ira,
990 2965 1085 3027 furor.

296 3109 300 3118 .
346 3050 522 3113 (irrisorum
546 3050 746 3112 numerositas
768 3051 799 3110 in
823 3050 881 3110 tine
904 3048 974 3110 libri
990 3049 1136 3130 tangitur,
1161 3067 1235 3130 qaro-

259 3154 327 3198 rum
350 3152 493 3196 numerus
515 3133 552 3196 ab
575 3133 764 3196 audientibus
786 3132 984 3204 abhorretur,
1009 3133 1103 3196 babes
1125 3151 1235 3214 nempe

324 3218 462 3282 bfillesies
486 3218 565 3282 nrille
589 3220 762 3300 permixtim
785 3221 919 3300 quinque
942 3225 1078 3281 trecenta

367 3307 405 3370 Et
427 3306 527 3368 tleoies
550 3314 618 3368 eote
642 3303 723 3368 milia
746 3323 831 3368 caesa
855 3313 938 3386 puta

258 3395 416 3478 'lbrrrporis
437 3393 621 3456 diuturnitas
643 3393 673 3453 in
697 3392 802 3454 ultimo
826 3390 901 3454 libro
926 3391 1058 3473 tangitur
1075 3393 1137 3454 fere
1154 3395 1236 3454 eirca

260 3485 444 3568 principium
466 3483 497 3544 in
520 3478 699 3562 allegatione
721 3481 853 3543 beraeae:

323 3573 390 3632 iam
413 3568 460 3630 bis
481 3569 584 3646 quinta
607 3565 769 3629 revolvitur
792 3575 899 3638 aestas,

368 3654 455 3725 Qttod
477 3655 604 3733 patriam
628 3659 688 3712 tota
711 3651 916 3713 eornmoluere
939 3650 1026 3722 mala,

322 3742 361 3802 Et
382 3738 517 3817 glacialis
540 3737 635 3798 biems
658 3736 849 3816 aquilonibus
871 3743 992 3814 asperat
1017 3733 1114 3800 aridas

366 3827 433 3886 iarn
455 3824 557 3883 decies
580 3839 699 3899 pugnae
722 3839 779 3881 nee
802 3819 967 3880 numerabo
992 3820 1081 3880 vices.

258 3910 393 3974 lneendii
415 3907 584 3970 immanitas
606 3908 686 3967 cirea
710 3908 798 3967 tinem
822 3904 893 3966 libri
916 3905 1066 3983 tangitur:

324 3997 405 4060 Gens
427 3995 533 4056 victrix
557 3990 676 4055 tandem
699 3989 830 4052 Vtrleano
854 3988 994 4053 fulminat
1015 3989 1132 4063 urbem,

368 4082 462 4147 Nemo
486 4087 545 4144 tam
570 4077 660 4142 latum
684 4077 758 4140 vidit
779 4079 810 4139 in
832 4077 907 4141 orbe
929 4077 1046 4151 foeum;

994 4181 1030 4235 1*
