3340 4788
585 671 649 726 Lib.
668 673 717 727 iv.
754 688 780 728 v.
802 674 944 728 tue-tat.

333 828 393 894 iam
417 829 552 910 sequitur
574 828 712 893 Paridem
736 828 838 893 maliet
860 829 959 892 obisse
983 831 1088 894 virum.

289 915 348 977 Pru
372 912 424 978 taii
445 923 549 996 stupro
571 915 688 993 sudarit
711 917 836 979 Graecia
859 917 940 978 totai

332 1001 391 1062 Pro
415 998 467 1063 tali
487 1008 592 1080 stupro
615 1010 739 1064 corruet
761 1004 860 1064 omnia
883 1001 992 1064 humei

288 1084 334 1147 Eu
354 1087 480 1148 miseras
501 1083 617 1168 plebes,
640 1096 673 1148 ιιι
695 1087 860 1148 transiliam
885 1085 1044 1158 trabeatos.

331 1169 463 1232 Succidit
484 1169 601 1250 gladius
624 1179 657 1232 ιιι
679 1179 833 1234 resecatur
855 1170 930 1233 cius.

288 1255 369 1325 nuo,
392 1255 472 1338 quod
494 1264 524 1318 et
546 1253 696 1318 delectet
718 1264 803 1336 rapta
826 1257 865 1318 ait
886 1265 916 1318 et
937 1255 1078 1318 violatam

331 1340 371 1402 Se
392 1339 529 1422 deploret
551 1339 650 1402 adhuc
672 1341 849 1404 sustinuisse
871 1359 979 1403 manu:

288 1425 410 1490 Libram
430 1423 537 1505 judicii
560 1429 694 1489 sirecte
716 1426 832 1506 dirigis,
855 1444 969 1508 aequus

331 1511 473 1592 Raptoria
495 1512 610 1582 titulus.
635 1519 738 1574 uester
761 1513 882 1594 iniquus
906 1513 973 1574 erit.

288 1598 334 1659 tiu
356 1615 416 1658 uun
439 1597 608 1679 Hesyuuem
631 1599 715 1678 prius
736 1597 767 1659 in
791 1615 865 1660 nece
887 1600 968 1676 regis
990 1616 1094 1660 eurum
1139 1601 1140 1606 ’

331 1680 490 1760 Adjunctis
511 1681 615 1760 spoliis
637 1680 857 1744 abstuleramua
880 1683 943 1743 eici

288 1764 402 1827 Prodiit
424 1784 441 1828 a
463 1764 552 1828 uobis
574 1764 683 1845 injuria
706 1769 813 1848 prima,
836 1772 1013 1848 queruntur.

331 1850 420 1914 Iuste.
465 1851 626 1915 Causarum
649 1869 737 1915 causa
760 1853 861 1932 perire
884 1850 970 1915 sciet.
1216 1861 1266 1912 120
1375 1843 1376 1846 ’

288 1937 386 2018 Saepe
406 1939 596 2018 sagittantem
621 1937 726 2002 didicit
746 1938 877 2002 reierire
899 1941 1016 2018 sagitta,

332 2022 408 2086 Sunt
429 2023 505 2086 haec
528 2043 544 2086 a
567 2023 655 2086 nohis
677 2022 792 2105 spicula
815 2023 905 2088 missa
927 2026 1021 2105 prius.

292 2109 415 2172 Leniter
437 2129 474 2172 ex
497 2113 616 2180 merito,
640 2108 783 2192 quicquid
806 2113 932 2193 patiare,
955 2110 1110 2172 terendum
1135 2117 1188 2184 est,

335 2196 417 2268 Quae
440 2197 519 2257 veuit
540 2197 691 2259 immerita
714 2214 809 2276 poena
832 2194 961 2258 dolenda
983 2199 1075 2259 venit.

292 2280 379 2343 Nunc
401 2299 456 2343 uos
477 2282 637 2343 innumera
659 2281 783 2344 collecta
806 2280 901 2343 elaeae
923 2281 1051 2344 iureudo
1216 2291 1265 2342 125

333 2363 477 2428 Venimus
498 2365 558 2427 huc
582 2374 663 2428 casta
686 2385 741 2446 pro
766 2365 891 2428 muliere
914 2367 1010 2428 morii

291 2449 376 2512 iianc
398 2449 482 2512 reddi
506 2452 644 2530 petimus,
669 2460 699 2512 et
721 2451 839 2530 quando
862 2451 1035 2513 reduximus
1058 2449 1147 2522 iiiam,

333 2533 415 2605 Quae
437 2531 530 2597 subiit
551 2536 698 2598 Graecum
723 2552 783 2596 nun
806 2535 883 2598 bene
907 2542 993 2615 capta
1015 2535 1132 2597 solumi

292 2621 417 2694 Quando
441 2621 572 2684 redemta
597 2623 654 2685 init
676 2639 757 2684 mors
779 2621 1008 2685 Laumedontis?
1031 2619 1118 2684 ubive

333 2707 531 2772 Reddidimua
553 2708 663 2791 Trojae
685 2710 791 2771 damna
817 2717 931 2789 patrata
955 2705 1051 2770 malai
1216 2718 1265 2767 1³0

291 2791 371 2853 Proh
393 2793 500 2872 pudor,
523 2793 575 2855 hic
597 2797 663 2858 isia
686 2797 806 2857 terrena
828 2794 1008 2874 Eurupaque
1031 2800 1127 2854 totum

335 2876 396 2940 Sub
419 2876 489 2941 beiii
513 2879 625 2942 librant
646 2881 780 2962 pondere
804 2897 893 2958 posse
914 2897 1011 2942 suurn.

292 2960 336 3024 tid
359 2980 504 3041 generum
526 2965 647 3026 Cereris
670 2983 737 3027 cunr
761 2962 854 3026 muita
875 2964 1022 3042 sanguine
1045 2961 1137 3024 muita

335 3047 481 3110 iiiaernut
502 3047 657 3111 hominum
679 3049 771 3112 miiiia
795 3056 892 3110 morte
914 3047 999 3109 maia.

291 3131 373 3193 iiaec
396 3133 483 3194 daiae
507 3151 593 3195 mena
615 3144 669 3205 est,
694 3141 728 3195 ut
749 3131 882 3196 adultera
905 3135 967 3194 siut
989 3139 1019 3193 et
1042 3129 1159 3195 adulter
1218 3139 1267 3188 itt

335 3217 468 3280 Foedere
490 3237 599 3282 securo
622 3221 701 3281 sicut
723 3236 825 3281 aurore
848 3237 912 3280 suu.
1331 3232 1333 3238 ·

293 3303 448 3384 Pugnandi
470 3322 566 3385 genus
588 3306 752 3387 egregium,
777 3323 883 3386 parare
907 3301 1036 3366 scienter

292 3469 496 3481 -ι--ι

364 3565 420 3616 123.
440 3562 493 3618 Or.
510 3564 570 3619 Am.
588 3564 624 3626 tt,
643 3566 667 3629 i,
688 3566 719 3616 12

430 3631 528 3698 Aequo
548 3634 640 3684 auimo
658 3647 784 3698 poenam,
803 3631 850 3696 qui
867 3644 1000 3693 meruere,
1021 3629 1123 3679 ierant.

295 3717 351 3771 124.
371 3717 560 3780 Or.Pont.1‚
581 3719 604 3778 1,
623 3719 665 3770 62.

429 3785 536 3850 Estque
554 3785 614 3848 pati
632 3799 746 3849 poenas,
767 3798 848 3848 tntum
868 3781 1010 3841 morniaco,
1030 3779 1127 3830 minua.

297 3869 353 3920 tau.
371 3867 400 3918 in
424 3867 563 3933 margine:
588 3867 688 3920 ironia.
793 3868 851 3917 127.
872 3863 958 3915 iliam.
978 3878 1079 3928 margo.
1098 3861 1268 3926 Heryouam.

298 3936 448 4071 ssdiaziecut
466 3951 481 3988 a
499 3935 625 4002 margine
643 3951 692 4002 pro
712 3933 798 3986 codic.
817 3933 858 3985 aic
871 3935 908 3984 in.
950 3933 1021 4038 Ι1117.
1034 3929 1133 3982 meiius
1147 3930 1268 3983 iurterre
