3368 4792
400 659 420 726 6

400 817 470 881 liter
492 817 528 879 ad
551 835 656 880 omncs
678 817 842 899 scriptores
864 816 1010 899 pertinet,
1041 819 1126 898 qnasi
1149 815 1297 894 quondam
1320 835 1372 878 au·

400 923 484 967 ream
508 907 608 966 vittam
632 905 802 974 constitnit,
826 921 886 984 qno
909 911 939 965 ct
961 920 1046 965 mens
1068 906 1199 966 arrctoris
1222 912 1251 963 ct
1274 902 1373 963 ciden-

403 994 448 1054 cia
473 995 565 1054 totius
581 992 683 1071 operis
699 990 855 1061 decessit:
880 989 1060 1053 scribentem
1077 1008 1185 1071 nempe
1205 991 1268 1070 ipsc
1288 988 1373 1051 labor

403 1075 533 1138 deiectat
560 1083 589 1136 et
617 1076 696 1136 idem
725 1073 809 1137 iabor
838 1072 1001 1136 laborando
1030 1076 1189 1144 minuitur,
1218 1074 1289 1136 dnm
1319 1091 1374 1152 per

406 1167 592 1222 crementum
616 1161 716 1240 operis
739 1160 796 1238 bis,
820 1161 869 1239 qni
893 1163 924 1220 in
947 1156 1076 1239 aiicujus
1099 1161 1144 1220 rei
1168 1159 1268 1220 studio
1291 1155 1373 1218 tabo·

402 1253 485 1316 rant,
521 1247 617 1323 magis
645 1261 680 1305 ac
707 1246 803 1323 magis
831 1244 867 1304 ad
891 1245 1039 1306 terrorem
1063 1243 1153 1305 studii
1181 1239 1372 1323 provocetur.

403 1327 558 1408 Siquidem
582 1329 708 1390 Ovidius
730 1326 821 1410 [Fast.
844 1329 866 1398 i,
889 1324 965 1408 216]

466 1412 531 1486 Ono
553 1413 621 1494 pins
643 1421 713 1475 srmt
736 1421 823 1494 potae
846 1412 913 1494 ptus
936 1413 1078 1475 sitiuntur
1101 1430 1204 1492 aquae.

488 1501 525 1562 m
548 1499 584 1560 de
608 1516 729 1561 necessu
753 1499 826 1561 baec
850 1499 928 1560 dicte
951 1500 1106 1562 sufficiant.

490 1584 607 1648 Titnbrs
639 1584 705 1647 tatis
734 1595 794 1648 est:
829 1585 935 1666 Incipit
965 1585 1094 1647 Troilus.
1139 1585 1194 1647 iiic
1224 1584 1302 1646 iiber
1330 1595 1374 1646 est

407 1672 505 1733 dictus
527 1670 646 1733 'imitus
675 1679 798 1752 propter
822 1671 971 1752 quandam
999 1671 1223 1733 similitudinem
1245 1671 1376 1732 nominis

405 1757 494 1819 medo
517 1764 753 1836 competentem,
785 1767 817 1819 ut
838 1756 959 1820 Troitns
981 1758 1059 1838 qnod
1082 1757 1224 1829 Troicus,
1254 1775 1322 1818 cum
1346 1765 1375 1818 et

403 1843 468 1921 ipso
489 1843 614 1904 'inciens
636 1844 727 1905 inerit
749 1851 779 1903 et
793 1841 916 1921 Trojani
940 1847 1020 1922 regis
1041 1860 1095 1905 scu
1112 1843 1221 1905 Priami
1244 1841 1323 1903 iilius
1346 1851 1376 1903 et

405 1927 495 1990 tertia
529 1927 605 1990 iacta
635 1929 666 1989 in
700 1927 805 1990 eodem
842 1926 919 1989 beiio
951 1931 1091 2008 gesserit,
1123 1927 1168 1989 rei
1198 1928 1265 1989 ideo
1295 1926 1375 2008 quod

405 2013 486 2076 idem
503 2013 625 2076 'i'roiius
647 2013 772 2076 iratrom
795 2033 917 2077 suornm
942 2018 1086 2077 minimus
1108 2022 1172 2077 erat
1194 2024 1224 2076 ct
1242 2013 1375 2085 ultimus

406 2107 546 2164 strenuus
574 2109 690 2172 tamon,
723 2109 753 2164 et
781 2101 832 2163 bic
859 2100 935 2163 iiber
964 2103 1030 2184 qnia
1060 2101 1097 2164 dc
1126 2100 1228 2163 eadem
1252 2102 1376 2163 rnateria

407 2197 453 2250 est
476 2195 643 2260 extremus,
673 2187 754 2250 utitis
784 2196 880 2249 tomen
907 2189 955 2251 tait
980 2200 1021 2251 est
1048 2190 1169 2251 nomine
1192 2207 1250 2250 nnn
1274 2190 1376 2249 incon·

406 2291 480 2355 grue
503 2273 669 2357 nppeiintus
692 2283 769 2337 teste
791 2275 914 2339 liorntio
938 2271 1006 2362 [nes
1028 2285 1107 2358 poet.
1132 2271 1189 2357 58]

901 2362 985 2424 tinnit
1007 2379 1188 2441 semperque
1210 2360 1313 2422 iicebit

471 2445 625 2524 Signatum
649 2455 806 2526 praesente
829 2455 897 2508 nota
921 2448 1090 2528 producere
1113 2465 1221 2508 nomen
1231 2445 1263 2527 ¹).

494 2531 531 2591 Et
545 2538 578 2592 ut
593 2529 712 2593 iactitus
727 2529 820 2593 tector
833 2549 987 2613 quaequae
1003 2533 1121 2610 quaerit
1135 2532 1267 2592 inveniat
1281 2539 1376 2592 totum

407 2633 482 2694 opos
504 2625 572 2678 ante
594 2615 803 2677 distinctiones
824 2635 879 2698 pcr
902 2614 1030 2697 capitula
1054 2615 1196 2678 declarat.

732 2781 792 2846 DE
815 2781 1052 2846 PROOEbiiO.

490 2921 627 2998 Impetus
642 2924 693 2982 itte
707 2939 797 2984 socer
811 2929 840 2982 et
853 2929 967 2984 cetero.
1003 2921 1067 2983 iioe
1083 2923 1270 3002 prooemium
1291 2939 1378 3002 prac-

408 3007 501 3070 mitttt
523 3018 628 3068 arrctor
651 3006 808 3088 principaii
830 3010 985 3089 proposito
1008 3025 1153 3069 excusans
1175 3024 1208 3068 se
1230 3025 1321 3088 super
1343 3026 1379 3068 eo

407 3093 486 3173 quod
516 3093 690 3154 hexametro
719 3102 749 3154 et
776 3101 963 3172 pentametro
993 3094 1140 3172 processit
1168 3101 1281 3165 metro,
1310 3112 1378 3155 cnm

407 3187 490 3256 gesta
520 3178 643 3241 iortium
673 3186 703 3238 et
730 3177 807 3240 betia
831 3179 920 3240 scribi
945 3176 1111 3240 debeantur
1136 3185 1233 3240 metro
1256 3179 1379 3240 beroien

407 3272 440 3325 ut
462 3264 550 3325 docet
570 3264 710 3326 Horatius
732 3265 763 3325 in
785 3266 901 3342 poetica
926 3263 961 3343 (r.
986 3259 1036 3344 ΤΒ)

471 3349 530 3412 iios
552 3356 653 3430 gestae
676 3365 841 3431 regumque
865 3350 1036 3430 ducumque
1059 3357 1089 3411 ct
1113 3349 1198 3412 iortia
1222 3346 1330 3426 beliab

472 3435 537 3508 Ono
560 3435 650 3498 scribi
675 3443 732 3500 etc.

408 3530 439 3585 et
460 3522 551 3603 bnjns
573 3521 642 3584 iibri
665 3526 788 3586 materia
812 3523 851 3584 sit
872 3541 971 3604 pugna
990 3522 1121 3584 virorum
1138 3519 1293 3593 nobitinm.
1319 3522 1378 3584 tor·

408 3610 483 3672 tium
512 3619 542 3673 et
568 3617 776 3688 magnatorum
805 3616 833 3672 et
861 3619 961 3672 temen
998 3609 1048 3671 tati
1082 3611 1216 3672 carmine
1248 3627 1308 3673 non
1342 3611 1380 3672 sit

408 3694 541 3778 prolatam
564 3697 719 3778 proposito
740 3697 889 3779 siquidem
905 3697 984 3776 qnod
1001 3697 1112 3760 inritus
1131 3697 1208 3758 banc
1223 3697 1378 3759 materiam

478 3932 506 4000 t)
535 3936 616 4002 Apud
645 3936 805 3988 Horatium:
835 3935 987 4002 procudere
1020 3951 1167 3986 nummum.
1241 3931 1271 3999 2)
1302 3933 1381 4000 Apud

408 4002 506 4054 Horat.
526 4005 617 4056 iristiu
635 4006 664 4056 b.
