3368 4792
635 620 697 672 Lib.
717 619 739 670 I.
775 620 959 672 Prooemium.

309 775 350 836 Se
372 776 482 836 misera
507 772 627 848 misere,
650 775 762 835 misero
784 772 957 836 stimulante
981 775 1093 838 lurore.

309 861 367 922 Per
391 861 515 921 miseros
538 861 631 938 igitur
655 856 758 936 elegos
781 859 838 920 boc
860 859 973 923 ducere
997 879 1118 923 carmen

309 945 432 1008 Decrevi
455 946 609 1014 miserum,
633 951 746 1005 sortem
770 945 931 1007 miseratus
954 965 1057 1007 eorum

309 1031 352 1093 lie
374 1030 484 1112 quibus
507 1029 554 1091 bic
577 1027 694 1108 legitur,
718 1030 821 1092 miseri
844 1033 896 1111 qui
920 1040 1016 1092 castra
1039 1042 1215 1113 sequuntur.
1250 1045 1284 1094 to

310 1118 371 1179 llac
394 1124 497 1179 noster
519 1117 635 1180 ratione
658 1113 744 1178 stilus
767 1134 827 1178 uon
851 1116 956 1179 debuit
978 1119 1051 1179 istas

309 1203 449 1268 Scribere
472 1222 528 1266 nec
550 1201 657 1266 debuit
679 1201 805 1265 beroam
829 1203 963 1266 carmine
987 1211 1107 1277 mortes,

310 1293 368 1356 Sed
391 1292 526 1355 nocueris
549 1290 605 1354 sub
629 1290 802 1371 disparibus
825 1290 871 1352 lex
895 1293 1018 1356 uretrica
1042 1291 1139 1365 saltat,

309 1381 483 1463 Tamquam,
507 1380 687 1442 demiseris
710 1379 782 1443 baec
805 1385 851 1441 est
872 1381 1015 1453 narratio,
1039 1380 1129 1444 dicat.

310 1465 447 1616 lemssus
470 1475 515 1529 est
536 1463 657 1528 Troilus
679 1465 809 1528 Troiano
831 1467 971 1550 principe
994 1475 1081 1531 uatus
1249 1477 1282 1529 35

337 1562 347 1615 t
369 1554 447 1616 liber
469 1560 514 1615 est
535 1551 656 1614 Troilus
678 1551 715 1614 ob
738 1553 846 1616 'l'roica
871 1551 946 1616 bella
971 1552 1119 1637 vocatus]

488 1699 577 1766 QUID
596 1700 811 1756 CON'l'iNEA'l'
828 1701 967 1757 PRIMUS
986 1702 1103 1757 Libuit.

397 1808 513 1870 Primus
540 1806 619 1869 liber
647 1809 781 1869 continet
809 1806 908 1870 Peliae
938 1817 1039 1871 contra
1066 1810 1207 1872 iasonem
1236 1813 1284 1873 in·

312 1894 434 1965 sidiam,
457 1892 576 1956 lasonis
599 1912 652 1975 pro
676 1892 785 1955 uellere
809 1896 1042 1975 navigationum,
1071 1895 1284 1959 Laomedontis

311 1999 433 2052 necem,
462 1979 609 2042 Hesionae
632 1978 840 2041 deductionem
863 1991 893 2042 et
914 1981 1046 2044 eiusderu
1070 1981 1107 2044 ab
1130 1987 1283 2045 Antenore

312 2068 538 2146 repetitionem,
567 2065 676 2126 Troiae
705 2067 919 2138 munitionem,
948 2066 1108 2130 Alexandri
1136 2068 1167 2130 in
1191 2070 1284 2132 Grae·

312 2153 389 2213 ciam
411 2153 644 2230 prosectionem,
673 2149 803 2212 lieleuae
825 2153 856 2213 iu
880 2152 1038 2232 Phrygiam
1062 2151 1283 2222 adductionem,

312 2236 458 2297 vindicem
492 2253 509 2294 a
537 2237 658 2296 Graecis
692 2236 967 2309 machinationem
988 2237 1222 2314 Agamemnonis
1252 2241 1283 2298 in

312 2338 413 2398 regem
437 2319 639 2382 elevationem.

655 2522 766 2586 ldBlill
788 2524 939 2586 l'lllblUS.

585 2693 766 2750 CAPl'l'ULA
784 2693 882 2750 blBiil
899 2694 1011 2750 Pillbii.

315 2821 434 2883 l‘riruus
457 2819 495 2881 ob
518 2821 657 2883 iuvidiam
681 2819 781 2882 l‘eliae
804 2839 872 2882 curu
896 2839 970 2883 nare
993 2827 1116 2882 rorrusta

316 2906 448 2971 Choicon
472 2909 608 2970 inaurato
631 2927 685 2988 pro
710 2905 817 2968 vellere
840 2907 950 2969 lasona
973 2914 1080 2988 portat,

314 2992 494 3063 Laomedon,
518 3012 622 3055 navem
647 2994 698 3072 qni
720 2994 838 3056 tasonis
860 3001 929 3056 autc
951 2994 1078 3073 iugarat,

314 3079 452 3142 llerculis
476 3098 546 3140 ense
570 3078 659 3149 cadit,
682 3079 790 3141 Troiae
814 3080 940 3142 munitio
962 3083 1068 3158 surgit,

315 3217 517 3229 ....-.---—

383 3289 424 3338 30.
444 3285 534 3336 Pertz.
550 3285 659 3340 misem.
712 3285 753 3336 86.
773 3286 814 3339 26.
834 3285 892 3335 Hos
911 3284 979 3334 dnos
992 3284 1070 3333 aneis
1084 3282 1206 3334 inclusos
1225 3300 1287 3336 ver·

316 3371 363 3407 sus
381 3355 516 3422 Heusing.
538 3371 592 3404 uon
611 3357 693 3420 putet
710 3354 745 3405 nb
765 3353 877 3406 iliberto
898 3353 1039 3420 proiectos
1059 3367 1132 3404 esse:
1162 3353 1223 3417 „Ut
1246 3353 1288 3404 ite

316 3438 461 3488 censeam,
488 3423 571 3487 dicit,
600 3438 655 3474 uon
682 3438 715 3474 eo
734 3421 821 3474 solum
845 3422 969 3472 adducor
987 3421 1059 3486 quod
1079 3421 1186 3472 diberti
1205 3437 1285 3485 verra,

317 3494 443 3558 quamvis
463 3497 491 3542 et
509 3493 571 3558 ipsa
589 3490 729 3542 lutulenta
747 3493 826 3552 dunt,
847 3495 939 3541 tamen
958 3506 989 3540 es
1007 3495 1073 3540 sunt
1091 3489 1213 3554 indigni,
1237 3491 1287 3542 sed

317 3562 402 3611 etism
432 3559 504 3625 qnod
530 3559 615 3610 iidem
633 3575 730 3610 versus
758 3561 788 3609 in
815 3559 868 3609 tine
892 3559 998 3609 codicis
1021 3562 1197 3624 repetuntur,
1225 3563 1253 3608 et
1271 3574 1289 3608 a

317 3627 510 3694 grammatico,
530 3628 623 3692 quiin
642 3641 758 3677 accessu
778 3625 813 3675 nd
831 3625 955 3676 Troilum
980 3621 1046 3675 libri
1070 3624 1180 3675 titulum
1199 3624 1288 3690 expll-

317 3695 400 3756 eavit,
419 3694 497 3744 nullu
514 3709 607 3743 eorum
628 3694 699 3743 ratio
719 3698 762 3742 est
779 3693 887 3742 babitu.
923 3693 945 3741 li
965 3692 1064 3756 quibus
1083 3691 1209 3743 omnibns
1227 3708 1289 3758 pro·

317 3776 381 3810 unm
401 3765 444 3810 ost
463 3761 609 3825 suspicari,
628 3760 782 3810 versiculos
800 3760 870 3809 istos
888 3759 923 3808 nb
943 3759 998 3807 ulio
1012 3759 1129 3823 quodam
1143 3759 1288 3808 coniectos

316 3829 484 3892 Albertoque
504 3843 565 3878 esse
583 3827 770 3893 suppositos.“
807 3826 923 3877 litberto
947 3827 1093 3878 tribuimus
1117 3828 1287 3888 horremus,

318 3899 363 3964 qni
382 3912 466 3964 saepe
485 3901 513 3948 ot
532 3895 650 3948 libenter
669 3895 773 3962 gandot
791 3894 997 3962 logodueduliu,
1017 3895 1094 3945 utin
1114 3894 1287 3961 praelatione

318 3967 468 4022 docuimus.
537 3967 561 4020 2.
582 3965 650 4019 biso.
670 3965 831 4016 Cboucbon.
903 3968 927 4017 3.
947 3965 1014 4016 blsc.
1035 3964 1159 4032 iugnrut.
