3368 4792
674 695 827 748 Praelatio.
1194 713 1261 762 xffl

333 853 369 922 v,
384 847 456 914 708.
473 848 503 914 9.
526 851 570 914 lie
593 853 620 914 si
643 870 712 922 nnn,
737 869 828 932 opere
845 851 909 914 volo
925 871 976 916 ros
992 873 1144 936 operaque
1157 853 1261 936 juvare

564 937 646 1000 Etsi
671 955 731 1000 nou
754 956 809 1018 per
832 957 920 1018 opem
944 939 987 1001 vel
1012 958 1066 1021 per
1090 958 1180 1020 opus,
1204 959 1261 1022 per

783 1042 864 1104 opes.

349 1112 379 1180 v,
405 1105 497 1171 1007.
522 1108 717 1190 Degeneres,
737 1110 761 1169 si
779 1110 943 1189 degeneres
959 1131 975 1174 a
992 1130 1076 1176 more
1092 1121 1260 1190 pareutum.

334 1197 380 1267 Vl,
421 1191 495 1258 284.
517 1195 647 1264 Feceris,
670 1195 772 1258 infelix
795 1205 825 1258 et
847 1196 932 1260 cibus
955 1198 1035 1277 ignis
1057 1201 1127 1260 eris.

373 1280 462 1344 Plura
486 1281 658 1362 hujusmodi
686 1281 821 1364 exempla
845 1283 954 1346 ellerre
976 1302 1037 1345 non
1060 1292 1107 1346 est
1128 1282 1260 1354 dituculo,

288 1369 340 1430 sed
365 1368 439 1430 baec
460 1368 620 1431 suilieieut.
1263 1429 1268 1438 ,

375 1455 587 1535 licusingerus,
613 1458 716 1537 etqui
738 1474 806 1517 eum
829 1459 926 1518 secuti
942 1464 1014 1518 sunt
1029 1456 1260 1526 Werusdorllus,

289 1538 428 1611 libertus,
445 1540 720 1612 Schoenemannus,
737 1540 981 1622 lappenbergius
1002 1543 1144 1604 carminis
1159 1545 1261 1605 lacun-

290 1626 369 1687 diam
393 1633 423 1686 et
444 1623 622 1703 elegantiam
639 1623 844 1688 laudaverunt.
880 1625 997 1688 Feiellit
1012 1645 1063 1689 eos
1078 1646 1262 1707 permagnus

290 1727 429 1770 versuum
452 1729 469 1768 e
486 1710 629 1769 liemanis
643 1712 742 1788 poetis
758 1711 984 1788 depromtorum
1001 1729 1154 1780 nunterus,
1172 1731 1268 1792 qrrcm·

290 1801 393 1852 nostor
415 1791 555 1854 tibertus
579 1810 639 1854 uon
661 1793 726 1854 sins
748 1794 891 1854 suavitate
914 1793 1042 1872 quadarn
1065 1797 1191 1856 carmini
1207 1814 1261 1856 suo

288 1877 423 1938 intexuit.
469 1874 627 1955 Virgilius,
657 1877 794 1947 Ovidius,
823 1877 948 1947 Statius,
977 1875 1172 1949 Claudianus,
1203 1877 1261 1940 Lu·

289 1980 392 2033 canus,
415 1962 554 2032 Asianus,
578 1962 774 2025 Maximianus
797 1960 1053 2045 (Pseudo-Gallus)
1077 1961 1260 2043 Pamphilus,

289 2052 461 2129 drronpmus
482 2045 631 2119 llereleti,
654 2047 800 2111 Pindarus
822 2047 983 2113 Thebanus
1007 2051 1031 2127 (a
1056 2048 1145 2113 nobis
1159 2050 1260 2131 Epito-

290 2141 385 2195 mator
418 2134 563 2213 signatus)
602 2137 693 2196 immo
722 2135 876 2215 Benignus
904 2133 1117 2206 Floriaceusis,
1151 2135 1262 2199 Alanus

290 2215 569 2299 (dnticla'udianus),
599 2219 788 2282 llildebertus
816 2217 865 2300 (de
888 2221 1003 2283 excidio
1025 2221 1143 2301 Trojael
1167 2239 1261 2304 aeque

289 2324 325 2365 ae
354 2303 487 2368 Gualteri
524 2306 562 2366 ab
589 2305 697 2368 lnsulis
723 2305 919 2369 Alexandreis
954 2306 1041 2388 (quae
1074 2305 1163 2388 paulo
1191 2317 1261 2370 autc

289 2390 368 2452 edita
391 2393 465 2470 erat)
488 2409 618 2472 prosus
642 2395 768 2474 quisque
791 2401 875 2471 parte
896 2395 1069 2464 ellecerunt,
1093 2401 1124 2454 ut
1139 2410 1260 2456 carmen

290 2477 452 2556 elegantius
482 2485 511 2538 et
534 2475 572 2537 ob
595 2481 761 2540 sententias
789 2480 988 2556 interspersas
1012 2480 1168 2540 nervosius
1190 2498 1260 2559 pro·

289 2561 415 2624 corleret.
460 2561 525 2624 llon
548 2571 706 2625 centonem
730 2565 850 2642 quidem
874 2565 995 2644 scripsit
1009 2563 1149 2626 ulbertus
1172 2583 1188 2626 e
1212 2584 1261 2625 ra-

288 2650 342 2710 riis
364 2655 394 2710 et
415 2648 542 2712 dirersis
565 2649 750 2713 carminibus
772 2659 802 2712 ct
818 2651 982 2713 carminum
998 2651 1174 2729 iragruentis
1189 2669 1260 2713 corr·

289 2741 399 2806 sutum,
421 2735 473 2796 sed
496 2735 663 2816 permultos
687 2755 798 2808 versus,
821 2739 873 2817 qui
896 2739 924 2798 ei
941 2744 1060 2816 praesto
1076 2746 1171 2804 erant,
1195 2755 1261 2798 car·

290 2821 364 2881 ruini
387 2822 525 2882 inseruit.
559 2821 736 2902 Quanquam
759 2823 908 2884 Ausonius
930 2821 966 2882 ad
991 2823 1119 2883 amicum
1136 2820 1260 2883 Paulum

289 2906 327 2964 do
355 2906 413 2967 isto
441 2905 583 2967 carminis
606 2906 781 2984 perficiendi
804 2906 893 2968 niodo
914 2905 1043 2987 judicat:
1073 2925 1162 2978 „nram
1186 2906 1262 2969 durus

286 2987 415 3068 junctim
436 2990 537 3053 locare
559 3009 677 3062 vorsus,
702 2993 837 3072 ineptum
860 3000 921 3054 est:
956 2999 986 3052 et
1009 3000 1070 3053 tres
1093 3010 1150 3054 una
1172 2994 1260 3063 seris,

289 3093 391 3136 rrrerae
412 3084 540 3154 nugae“,
569 3079 600 3136 iu
624 3077 852 3139 admirationem
875 3084 973 3138 tamen
995 3077 1130 3156 rapimur
1152 3075 1191 3138 ub
1215 3079 1261 3138 ln·

290 3158 464 3221 credibilem
503 3163 598 3222 nostrl
635 3159 727 3222 multa
765 3162 794 3222 in
828 3163 958 3224 lectione
989 3162 1097 3222 versati
1132 3162 1262 3223 auctoris

291 3246 476 3315 memoriam,
500 3246 551 3327 qui
566 3246 707 3328 quiequid
723 3245 781 3308 sibi
796 3263 872 3325 opus
883 3257 958 3323 erat,
975 3265 1009 3307 ex
1025 3247 1153 3308 dirersis
1164 3249 1262 3326 poetis

288 3337 408 3412 praesto
443 3331 562 3394 videtur
594 3329 745 3394 habuisse.
796 3329 948 3394 Plurimos
980 3349 1083 3394 sersus
1115 3335 1260 3402 eruimus,

288 3415 539 3499 adposuimusque
571 3415 668 3490 locos,
703 3416 814 3498 quibus
847 3417 975 3481 desumti
1008 3427 1092 3488 sum,
1128 3417 1178 3480 alii
1208 3437 1262 3480 nos

232 3523 236 3530 ·
290 3505 424 3567 lortassis
446 3504 628 3584 ellugerunt;
657 3505 716 3576 alii,
740 3523 817 3586 quos
839 3504 889 3568 bic
912 3522 1141 3574 annumeramus,
1172 3506 1260 3567 etiarn

288 3624 331 3636 -
352 3591 431 3652 iorte
458 3608 518 3652 non
548 3590 652 3653 iisdem
681 3590 779 3654 verbis
802 3601 832 3653 et
854 3610 913 3653 nou
935 3593 1046 3671 integri
1068 3625 1110 3636 -
1133 3591 1162 3651 iu
1186 3594 1260 3653 anti·

288 3678 356 3758 quis
377 3677 473 3756 poetis
494 3674 588 3739 latore
610 3680 811 3756 suspicamur.

373 3761 526 3842 Ejusmodi
549 3772 634 3823 sunt:

375 3846 439 3907 lib.
456 3846 478 3907 l.
502 3865 547 3907 vv.
563 3845 635 3909 223.
652 3844 726 3909 301.
741 3844 815 3908 312.
832 3843 904 3910 313.
919 3844 993 3909 323.
1008 3843 1081 3907 324.
1098 3844 1171 3908 357.
1187 3842 1260 3908 358.

287 3928 445 3993 411-16,
469 3927 627 3995 419-28.
651 3928 724 3996 450.
748 3929 801 3996 60.
824 3929 899 3995 405.
919 3929 993 3995 406.
1009 3929 1082 3994 471.
1098 3928 1172 3994 472.
1188 3927 1261 3997 475.

288 4015 362 4081 ato.
384 4015 456 4082 504.
480 4015 553 4082 507.
568 4015 642 4083 508.
657 4015 730 4083 511.
746 4014 818 4082 512.
832 4016 905 4087 000.
922 4017 993 4084 075.
1011 4017 1084 4084 680.
1101 4017 1259 4085 osb-85.
