3426 4786
438 743 527 802 VlTh
544 744 793 802 wmhlssuoenl
811 743 983 803 murelos.
1010 745 1079 807 hill.
1097 746 1146 802 Ill.
1240 749 1282 816 51

311 896 417 966 Corda
439 920 536 965 senex
558 899 658 984 pavit,
681 897 792 964 vinnm
816 898 892 964 vitis
914 901 1003 964 sator
1024 899 1129 965 auxit:

311 982 359 1050 Ut
378 983 454 1050 fons
476 987 614 1066 emanat,
635 983 781 1049 modious
803 983 850 1048 eie
871 987 968 1067 potus
990 983 1137 1050 inundat.

259 1065 391 1132 seelude
412 1068 614 1153 propinetur,
637 1067 782 1132 fraterna
803 1066 918 1132 eohore
939 1067 1085 1152 salietur,

310 1151 386 1218 Non
408 1150 596 1218 exhauritur
618 1174 685 1237 ras,
707 1151 762 1218 sed
786 1151 918 1236 plenum
941 1151 1109 1238 reperitur.

310 1236 393 1303 laur
415 1238 512 1324 patri,
535 1237 619 1324 proli
642 1238 737 1302 datur
759 1241 793 1302 et
814 1235 945 1304 deitatis
968 1237 1099 1317 honori3

310 1321 473 1410 Hesperus
496 1323 574 1390 hino
596 1345 710 1390 omnes
732 1324 869 1408 invenit,
892 1324 989 1410 liquit
1011 1327 1156 1392 orantes.

353 1409 416 1477 Sed
437 1411 514 1476 dum
536 1409 619 1477 miro
642 1431 739 1492 euno,
763 1409 961 1476 mirabiliora
983 1409 1123 1478 revolvo.

257 1513 298 1554 ιω
310 1494 371 1561 nse
390 1495 445 1561 hie
467 1518 526 1596 par
547 1517 682 1581 superae
704 1495 839 1561 summis
860 1495 1053 1581 primatibus
1074 1498 1175 1583 aulae,

309 1580 398 1668 Egit,
423 1586 492 1682 agit
513 1581 635 1669 linguis
656 1581 711 1647 rix
734 1580 935 1647 enucleanda
955 1581 1079 1667 peritis.

312 1666 413 1733 Arida
433 1667 525 1754 ligna
544 1667 615 1733 solo
638 1665 802 1752 plantavit
822 1687 987 1754 granoque
1009 1666 1102 1752 duro,

309 1749 384 1817 Non
406 1751 622 1834 circumfodit,
645 1752 736 1817 nullo
758 1751 933 1817 laetamine
955 1751 1045 1837 fovit,

309 1835 386 1903 Non
402 1837 523 1903 infudit
544 1858 658 1923 aquam
674 1836 837 1903 studiosos
855 1835 1006 1922 aquarius
1024 1859 1186 1924 unquam:
1208 1846 1281 1904 teo*

257 1939 299 1982 ιιι
311 1921 415 1990 Extra
435 1927 570 1991 naturae
592 1923 674 1991 lines
696 1922 777 1990 hoec
799 1921 1000 2006 convaluere,

309 2009 478 2096 Radicent,
502 2009 665 2090 frondent,
687 2013 815 2077 maturo
837 2009 984 2096 germine
1006 2009 1135 2098 florent,

266 2179 268 2183 ι
311 2097 456 2163 Ariditas
478 2099 593 2180 cessat,
616 2097 703 2162 viror
725 2096 838 2179 introt,
863 2118 960 2163 suous
981 2097 1137 2199 abnndalj

311 2182 446 2249 Fructus
468 2204 541 2249 oum
563 2182 651 2248 foliis
673 2183 779 2269 aegris
801 2182 1004 2249 medicentur
1025 2184 1154 2249 anhelis

310 2266 355 2333 Et
377 2268 496 2334 mirum
518 2270 660 2347 constat,
683 2267 769 2352 quod
790 2289 849 2352 per
870 2269 921 2333 tot
941 2267 1069 2334 saecula
1090 2267 1217 2354 durant,

258 2369 298 2410 πο
310 2350 489 2439 Nunquam
510 2353 665 2418 defioinnt
685 2373 743 2418 suo
764 2373 825 2417 nee
846 2352 982 2417 ramalia
1002 2351 1151 2438 perdunt.

310 2436 392 2513 Quid
414 2439 453 2503 de
475 2437 630 2503 salvificis
653 2437 721 2502 eine
744 2458 826 2521 queo
848 2458 991 2523 pangere
1013 2438 1115 2521 leolis,

308 2521 348 2587 ln
370 2522 487 2607 quibus
509 2521 668 2604 aoonbuit,
693 2542 773 2607 quoe
796 2521 874 2586 fletu
896 2525 993 2587 noeto
1016 2522 1179 2589 sacravit?
1263 2579 1265 2584 .

307 2605 384 2673 Νοιι
407 2610 445 2674 ut
465 2629 552 2673 nuno
574 2629 646 2673 mos
669 2610 728 2686 est,
751 2604 799 2673 sio
821 2628 899 2673 usus
922 2606 1046 2673 deliciis
1069 2611 1127 2674 est.

307 2692 404 2760 Nune
425 2717 477 2760 res
499 2694 689 2781 pontificum
711 2697 868 2778 superant
893 2714 960 2779 res,
991 2694 1133 2760 culmina
1154 2717 1277 2782 regum,

255 2779 439 2846 usPollent
459 2780 592 2864 divitiis,
614 2779 732 2867 quibus
754 2779 931 2844 obstruitur
952 2779 1006 2845 ria
1028 2781 1157 2867 mentis,

306 2863 358 2931 Ne
379 2865 496 2932 volitet
516 2888 636 2951 susum,
658 2865 712 2931 sed
737 2867 790 2931 eat
810 2885 868 2951 per
889 2864 983 2931 devia
1003 2866 1121 2932 iusum.

308 2949 451 3018 Distenti
472 2951 618 3038 dapibus,
641 2972 721 3037 quas
743 2950 845 3016 saltus
867 2949 936 3032 ulit,
960 2972 1057 3031 mere,
1085 2950 1192 3037 lellus,

306 3035 461 3104 Mollibus
483 3037 518 3104 in
540 3037 651 3103 stratis
672 3036 837 3116 recubant
861 3035 956 3102 tectis
978 3035 1147 3123 laqueatis,

307 3123 462 3206 Pausant,
484 3143 551 3190 non
568 3121 716 3210 vigilant,
740 3120 880 3207 hymnos
903 3137 977 3187 oum
1015 3143 1120 3189 assere
1136 3126 1279 3208 cantant,

255 3229 295 3271 roo
309 3208 564 3292 obliviscuntur,
589 3207 673 3295 quod
697 3211 782 3286 sunt,
805 3207 968 3293 dicuntur,
990 3145 1167 3296 debentem

308 3293 385 3363 Non
395 3299 505 3361 tamen
516 3295 575 3362 boo
586 3315 710 3377 omnes,
722 3292 779 3359 sed
789 3294 891 3378 loeva,
899 3293 980 3358 levis
990 3294 1106 3381 quibus
1119 3297 1168 3360 eet
1179 3317 1279 3362 mene.

307 3379 385 3448 Non
407 3383 454 3448 sio
474 3382 530 3447 ille
551 3403 629 3447 suae
651 3380 736 3447 rexit
756 3379 979 3446 moderamina
1002 3381 1097 3468 vilae,

310 3469 525 3558 oppugnarit
546 3491 590 3549 se,
614 3467 734 3535 devicit
754 3470 787 3534 et
810 3466 955 3535 edomuit
976 3491 1010 3536 se

307 3557 533 3625 Pernootondo
556 3557 753 3642 fomemque,
775 3555 872 3636 sitim,
896 3555 1002 3642 frigus
1023 3555 1189 3643 patiendo.

255 3661 295 3702 εει
309 3643 393 3710 Sunt
413 3644 477 3710 sibi
497 3643 630 3710 leotioae
653 3663 744 3708 eeous
767 3662 843 3706 arae
864 3663 905 3726 pe
964 3666 983 3707 a
1005 3643 1140 3720 looatae,

309 3728 425 3795 Fessus
448 3732 486 3793 ut
506 3729 542 3794 in
564 3726 719 3813 gradibus
742 3746 878 3811 surgens
900 3663 962 3791 din
968 3730 1107 3812 poneret
1127 3729 1217 3791 artus

375 3885 434 3957 roo·
448 3879 573 3933 saciatur
596 3875 654 3931 GT
729 3881 780 3931 aba
801 3875 936 3956 labamine
953 3876 986 3956 Τ
1060 3879 1111 3929 20⁷
1135 3890 1234 3954 euoons
1258 3874 1284 3927 Τ

306 3951 450 4139 {diff
469 3942 757 4083 bolthebi
807 3947 858 4066 {ll
876 3942 1064 4068 3¹33?th
1074 3941 1281 4080 diaboti

1090 4165 1128 4220 4⁸
