<?xml version="1.0" encoding="UTF-8"?>
<!DOCTYPE html PUBLIC "-//W3C//DTD XHTML 1.0 Transitional//EN"
    "http://www.w3.org/TR/xhtml1/DTD/xhtml1-transitional.dtd">
<html xmlns="http://www.w3.org/1999/xhtml" xml:lang="en" lang="en">
 <head>
  <title>
</title>
<meta http-equiv="Content-Type" content="text/html;charset=utf-8" />
  <meta name='ocr-system' content='tesseract 3.04.00' />
  <meta name='ocr-capabilities' content='ocr_page ocr_carea ocr_par ocr_line ocrx_word'/>
</head>
<body>
  <div class='ocr_page' id='page_1' title='image "./troilusalbertis01albegoog_0197.png"; bbox 0 0 3372 4788; ppageno 0'>
   <div class='ocr_carea' id='block_1_1' title="bbox 441 637 1087 737">
    <p class='ocr_par' dir='ltr' id='par_1_1' title="bbox 441 637 1087 737">
     <span class='ocr_line' id='line_1_1' title="bbox 441 637 1087 737; baseline -0.023 0"><span class='ocrx_word' id='word_1_1' title='bbox 441 670 502 737; x_wconf 86' lang='lat'><strong>168</strong></span> <span class='ocrx_word' id='word_1_2' title='bbox 555 642 560 652; x_wconf 45' lang='lat'><strong>⁶</strong></span> <span class='ocrx_word' id='word_1_3' title='bbox 768 672 831 732; x_wconf 79' lang='lat' dir='ltr'><strong>uie,</strong></span> <span class='ocrx_word' id='word_1_4' title='bbox 849 671 896 724; x_wconf 86' lang='lat' dir='ltr'><strong>vr.</strong></span> <span class='ocrx_word' id='word_1_5' title='bbox 932 637 959 727; x_wconf 66' lang='grc' dir='ltr'><strong>ν’.</strong></span> <span class='ocrx_word' id='word_1_6' title='bbox 976 673 1087 722; x_wconf 78' lang='lat' dir='ltr'><strong>ie-oe.</strong></span> 
     </span>
    </p>
   </div>
   <div class='ocr_carea' id='block_1_2' title="bbox 359 822 1415 2352">
    <p class='ocr_par' dir='ltr' id='par_1_2' title="bbox 439 822 1294 990">
     <span class='ocr_line' id='line_1_2' title="bbox 439 822 1294 895; baseline -0.004 -7"><span class='ocrx_word' id='word_1_7' title='bbox 439 825 505 888; x_wconf 85' lang='lat' dir='ltr'><strong>Non</strong></span> <span class='ocrx_word' id='word_1_8' title='bbox 528 825 621 887; x_wconf 87' lang='lat' dir='ltr'><strong>miror</strong></span> <span class='ocrx_word' id='word_1_9' title='bbox 643 825 793 886; x_wconf 83' lang='lat' dir='ltr'><strong>Priamum</strong></span> <span class='ocrx_word' id='word_1_10' title='bbox 817 840 877 886; x_wconf 89' lang='lat' dir='ltr'><strong>non</strong></span> <span class='ocrx_word' id='word_1_11' title='bbox 899 822 970 886; x_wconf 81' lang='lat' dir='ltr'><strong>irino</strong></span> <span class='ocrx_word' id='word_1_12' title='bbox 992 840 1052 886; x_wconf 90' lang='lat' dir='ltr'><strong>nou</strong></span> <span class='ocrx_word' id='word_1_13' title='bbox 1075 823 1145 886; x_wconf 86' lang='lat' dir='ltr'><strong>inde</strong></span> <span class='ocrx_word' id='word_1_14' title='bbox 1167 825 1294 895; x_wconf 80' lang='lat' dir='ltr'><strong>moveri.</strong></span> 
     </span>
     <span class='ocr_line' id='line_1_3' title="bbox 482 909 1067 990; baseline -0.002 -17"><span class='ocrx_word' id='word_1_15' title='bbox 482 909 519 973; x_wconf 86' lang='lat' dir='ltr'><strong>Et</strong></span> <span class='ocrx_word' id='word_1_16' title='bbox 541 911 623 973; x_wconf 83' lang='lat' dir='ltr'><strong>varie</strong></span> <span class='ocrx_word' id='word_1_17' title='bbox 646 912 728 973; x_wconf 81' lang='lat' dir='ltr'><strong>varia</strong></span> <span class='ocrx_word' id='word_1_18' title='bbox 749 927 821 971; x_wconf 84' lang='lat' dir='ltr'><strong>voce</strong></span> <span class='ocrx_word' id='word_1_19' title='bbox 843 915 969 972; x_wconf 89' lang='lat' dir='ltr'><strong>sonante</strong></span> <span class='ocrx_word' id='word_1_20' title='bbox 992 909 1067 990; x_wconf 87' lang='lat' dir='ltr'><strong>rapi.</strong></span> 
     </span>
    </p>

    <p class='ocr_par' dir='ltr' id='par_1_3' title="bbox 439 994 1412 1161">
     <span class='ocr_line' id='line_1_4' title="bbox 439 994 1412 1076; baseline -0.006 -16"><span class='ocrx_word' id='word_1_21' title='bbox 439 994 617 1060; x_wconf 81' lang='lat' dir='ltr'><strong>Obtuutiuot</strong></span> <span class='ocrx_word' id='word_1_22' title='bbox 638 994 785 1076; x_wconf 74' lang='lat' dir='ltr'>siquidem</span> <span class='ocrx_word' id='word_1_23' title='bbox 808 1011 949 1058; x_wconf 84' lang='lat' dir='ltr'><strong>curarum</strong></span> <span class='ocrx_word' id='word_1_24' title='bbox 971 1001 1093 1072; x_wconf 84' lang='lat' dir='ltr'><strong>pectora</strong></span> <span class='ocrx_word' id='word_1_25' title='bbox 1116 1012 1255 1058; x_wconf 85' lang='lat' dir='ltr'><strong>sensum:</strong></span> <span class='ocrx_word' id='word_1_26' title='bbox 1378 1005 1412 1055; x_wconf 81' lang='lat' dir='ltr'><strong>ie</strong></span> 
     </span>
     <span class='ocr_line' id='line_1_5' title="bbox 482 1077 1274 1161; baseline -0.001 -17"><span class='ocrx_word' id='word_1_27' title='bbox 482 1081 656 1146; x_wconf 74' lang='lat' dir='ltr'>Intermissa</span> <span class='ocrx_word' id='word_1_28' title='bbox 677 1083 778 1144; x_wconf 90' lang='lat' dir='ltr'><strong>minus</strong></span> <span class='ocrx_word' id='word_1_29' title='bbox 799 1082 913 1144; x_wconf 86' lang='lat' dir='ltr'><strong>sarcina</strong></span> <span class='ocrx_word' id='word_1_30' title='bbox 936 1079 1055 1161; x_wconf 80' lang='lat' dir='ltr'><strong>poneius</strong></span> <span class='ocrx_word' id='word_1_31' title='bbox 1077 1079 1177 1143; x_wconf 84' lang='lat' dir='ltr'><strong>habet</strong></span> <span class='ocrx_word' id='word_1_32' title='bbox 1272 1077 1274 1081; x_wconf 77' lang='grc'><strong>’</strong></span> 
     </span>
    </p>

    <p class='ocr_par' dir='ltr' id='par_1_4' title="bbox 440 1164 1217 1314">
     <span class='ocr_line' id='line_1_6' title="bbox 440 1164 1217 1247; baseline -0.005 -17"><span class='ocrx_word' id='word_1_33' title='bbox 440 1167 525 1230; x_wconf 80' lang='lat' dir='ltr'><strong>Felix</strong></span> <span class='ocrx_word' id='word_1_34' title='bbox 548 1169 599 1245; x_wconf 88' lang='lat' dir='ltr'><strong>qui</strong></span> <span class='ocrx_word' id='word_1_35' title='bbox 622 1167 718 1247; x_wconf 87' lang='lat' dir='ltr'><strong>potuit</strong></span> <span class='ocrx_word' id='word_1_36' title='bbox 740 1164 928 1246; x_wconf 81' lang='lat' dir='ltr'><strong>tranquillam</strong></span> <span class='ocrx_word' id='word_1_37' title='bbox 951 1164 1064 1227; x_wconf 84' lang='lat' dir='ltr'><strong>ducere</strong></span> <span class='ocrx_word' id='word_1_38' title='bbox 1085 1167 1174 1227; x_wconf 80' lang='lat' dir='ltr'><strong>vitam</strong></span> <span class='ocrx_word' id='word_1_39' title='bbox 1212 1170 1217 1178; x_wconf 91' lang='lat'>&#39;</span> 
     </span>
     <span class='ocr_line' id='line_1_7' title="bbox 482 1248 1104 1314; baseline -0.005 0"><span class='ocrx_word' id='word_1_40' title='bbox 482 1251 519 1314; x_wconf 84' lang='lat' dir='ltr'><strong>Et</strong></span> <span class='ocrx_word' id='word_1_41' title='bbox 541 1250 619 1314; x_wconf 86' lang='lat' dir='ltr'><strong>iaoto</strong></span> <span class='ocrx_word' id='word_1_42' title='bbox 641 1249 765 1312; x_wconf 84' lang='lat' dir='ltr'><strong>stabiles</strong></span> <span class='ocrx_word' id='word_1_43' title='bbox 787 1248 927 1312; x_wconf 83' lang='lat' dir='ltr'><strong>claudere</strong></span> <span class='ocrx_word' id='word_1_44' title='bbox 949 1250 1008 1312; x_wconf 89' lang='lat' dir='ltr'><strong>iius</strong></span> <span class='ocrx_word' id='word_1_45' title='bbox 1031 1248 1104 1311; x_wconf 78' lang='lat' dir='ltr'><strong>oiies.</strong></span> 
     </span>
    </p>

    <p class='ocr_par' dir='ltr' id='par_1_5' title="bbox 440 1333 1415 1502">
     <span class='ocr_line' id='line_1_8' title="bbox 440 1333 1329 1417; baseline -0.003 -18"><span class='ocrx_word' id='word_1_46' title='bbox 440 1337 472 1399; x_wconf 87' lang='lat' dir='ltr'><strong>Si</strong></span> <span class='ocrx_word' id='word_1_47' title='bbox 495 1339 571 1416; x_wconf 86' lang='lat' dir='ltr'><strong>quis,</strong></span> <span class='ocrx_word' id='word_1_48' title='bbox 594 1352 670 1417; x_wconf 85' lang='lat' dir='ltr'><strong>quae</strong></span> <span class='ocrx_word' id='word_1_49' title='bbox 693 1353 758 1398; x_wconf 88' lang='lat' dir='ltr'><strong>mea</strong></span> <span class='ocrx_word' id='word_1_50' title='bbox 781 1336 820 1398; x_wconf 90' lang='lat' dir='ltr'><strong>sit</strong></span> <span class='ocrx_word' id='word_1_51' title='bbox 841 1352 933 1416; x_wconf 90' lang='lat' dir='ltr'><strong>super</strong></span> <span class='ocrx_word' id='word_1_52' title='bbox 955 1333 1003 1396; x_wconf 84' lang='lat' dir='ltr'><strong>irio</strong></span> <span class='ocrx_word' id='word_1_53' title='bbox 1024 1335 1180 1406; x_wconf 85' lang='lat' dir='ltr'><strong>sententia,</strong></span> <span class='ocrx_word' id='word_1_54' title='bbox 1204 1336 1329 1415; x_wconf 81' lang='lat' dir='ltr'><strong>quaerit.</strong></span> 
     </span>
     <span class='ocr_line' id='line_1_9' title="bbox 483 1418 1415 1502; baseline -0.005 -18"><span class='ocrx_word' id='word_1_55' title='bbox 483 1418 552 1484; x_wconf 87' lang='lat' dir='ltr'><strong>Pius</strong></span> <span class='ocrx_word' id='word_1_56' title='bbox 574 1438 663 1500; x_wconf 85' lang='lat' dir='ltr'><strong>quam</strong></span> <span class='ocrx_word' id='word_1_57' title='bbox 685 1419 741 1482; x_wconf 89' lang='lat' dir='ltr'><strong>sub</strong></span> <span class='ocrx_word' id='word_1_58' title='bbox 763 1419 852 1491; x_wconf 84' lang='lat' dir='ltr'><strong>helio,</strong></span> <span class='ocrx_word' id='word_1_59' title='bbox 875 1422 976 1481; x_wconf 85' lang='lat' dir='ltr'><strong>vivere</strong></span> <span class='ocrx_word' id='word_1_60' title='bbox 998 1427 1079 1502; x_wconf 87' lang='lat' dir='ltr'><strong>paoe&#39;</strong></span> <span class='ocrx_word' id='word_1_61' title='bbox 1094 1437 1180 1500; x_wconf 80' lang='lat' dir='ltr'><strong>rogo.</strong></span> <span class='ocrx_word' id='word_1_62' title='bbox 1378 1431 1415 1480; x_wconf 81' lang='lat' dir='ltr'><strong>eo</strong></span> 
     </span>
    </p>

    <p class='ocr_par' dir='ltr' id='par_1_6' title="bbox 440 1503 1195 1586">
     <span class='ocr_line' id='line_1_10' title="bbox 440 1503 1195 1586; baseline 0 -17"><span class='ocrx_word' id='word_1_63' title='bbox 440 1506 536 1569; x_wconf 84' lang='lat' dir='ltr'><strong>Nemo</strong></span> <span class='ocrx_word' id='word_1_64' title='bbox 558 1507 694 1576; x_wconf 87' lang='lat' dir='ltr'><strong>miretur.</strong></span> <span class='ocrx_word' id='word_1_65' title='bbox 718 1505 766 1568; x_wconf 87' lang='lat' dir='ltr'><strong>bie</strong></span> <span class='ocrx_word' id='word_1_66' title='bbox 788 1506 890 1586; x_wconf 88' lang='lat' dir='ltr'><strong>quinta</strong></span> <span class='ocrx_word' id='word_1_67' title='bbox 913 1503 1074 1568; x_wconf 80' lang='lat' dir='ltr'><strong>revolvitur</strong></span> <span class='ocrx_word' id='word_1_68' title='bbox 1097 1515 1195 1569; x_wconf 83' lang='lat' dir='ltr'><strong>aestus</strong></span> 
     </span>
    </p>

    <p class='ocr_par' dir='ltr' id='par_1_7' title="bbox 359 1589 1159 1676">
     <span class='ocr_line' id='line_1_11' title="bbox 359 1589 1159 1676; baseline -0.003 -20"><span class='ocrx_word' id='word_1_69' title='bbox 359 1589 363 1597; x_wconf 87' lang='lat'>&#39;</span> <span class='ocrx_word' id='word_1_70' title='bbox 484 1591 570 1666; x_wconf 83' lang='lat' dir='ltr'><strong>Quoi</strong></span> <span class='ocrx_word' id='word_1_71' title='bbox 592 1594 720 1676; x_wconf 85' lang='lat' dir='ltr'><strong>patriam</strong></span> <span class='ocrx_word' id='word_1_72' title='bbox 744 1599 824 1654; x_wconf 88' lang='lat' dir='ltr'><strong>tanta</strong></span> <span class='ocrx_word' id='word_1_73' title='bbox 847 1590 1050 1655; x_wconf 85' lang='lat' dir='ltr'><strong>eommoiuere</strong></span> <span class='ocrx_word' id='word_1_74' title='bbox 1073 1591 1159 1664; x_wconf 88' lang='lat' dir='ltr'><strong>moia,</strong></span> 
     </span>
    </p>

    <p class='ocr_par' dir='ltr' id='par_1_8' title="bbox 441 1676 1220 1844">
     <span class='ocr_line' id='line_1_12' title="bbox 441 1676 1220 1760; baseline 0.001 -19"><span class='ocrx_word' id='word_1_75' title='bbox 441 1679 478 1741; x_wconf 83' lang='lat' dir='ltr'><strong>iit</strong></span> <span class='ocrx_word' id='word_1_76' title='bbox 499 1677 631 1759; x_wconf 81' lang='lat' dir='ltr'><strong>gioriaiia</strong></span> <span class='ocrx_word' id='word_1_77' title='bbox 652 1679 748 1741; x_wconf 89' lang='lat' dir='ltr'><strong>hiems</strong></span> <span class='ocrx_word' id='word_1_78' title='bbox 770 1676 960 1760; x_wconf 75' lang='lat' dir='ltr'><strong>aquilonibus</strong></span> <span class='ocrx_word' id='word_1_79' title='bbox 982 1686 1102 1760; x_wconf 77' lang='lat' dir='ltr'><strong>asperat</strong></span> <span class='ocrx_word' id='word_1_80' title='bbox 1123 1679 1220 1742; x_wconf 87' lang='lat' dir='ltr'><strong>undas</strong></span> 
     </span>
     <span class='ocr_line' id='line_1_13' title="bbox 483 1763 1193 1844; baseline 0 -17"><span class='ocrx_word' id='word_1_81' title='bbox 483 1765 544 1827; x_wconf 89' lang='lat' dir='ltr'><strong>iam</strong></span> <span class='ocrx_word' id='word_1_82' title='bbox 568 1764 676 1836; x_wconf 88' lang='lat' dir='ltr'><strong>deoieo,</strong></span> <span class='ocrx_word' id='word_1_83' title='bbox 699 1780 815 1844; x_wconf 80' lang='lat' dir='ltr'><strong>pugnae</strong></span> <span class='ocrx_word' id='word_1_84' title='bbox 838 1779 894 1825; x_wconf 91' lang='lat' dir='ltr'><strong>neo</strong></span> <span class='ocrx_word' id='word_1_85' title='bbox 916 1763 1081 1826; x_wconf 79' lang='lat' dir='ltr'><strong>numerabo</strong></span> <span class='ocrx_word' id='word_1_86' title='bbox 1102 1767 1193 1828; x_wconf 85' lang='lat' dir='ltr'><strong>vices.</strong></span> 
     </span>
    </p>

    <p class='ocr_par' dir='ltr' id='par_1_9' title="bbox 365 1847 1414 2002">
     <span class='ocr_line' id='line_1_14' title="bbox 365 1847 1414 1930; baseline -0.006 -18"><span class='ocrx_word' id='word_1_87' title='bbox 365 1847 373 1866; x_wconf 62' lang='lat'>⁸</span> <span class='ocrx_word' id='word_1_88' title='bbox 440 1848 528 1912; x_wconf 84' lang='lat' dir='ltr'><strong>Nuiio</strong></span> <span class='ocrx_word' id='word_1_89' title='bbox 551 1848 706 1912; x_wconf 82' lang='lat' dir='ltr'><strong>nobiseum</strong></span> <span class='ocrx_word' id='word_1_90' title='bbox 727 1867 830 1911; x_wconf 89' lang='lat' dir='ltr'><strong>sumus</strong></span> <span class='ocrx_word' id='word_1_91' title='bbox 852 1863 983 1926; x_wconf 90' lang='lat' dir='ltr'><strong>uuquam</strong></span> <span class='ocrx_word' id='word_1_92' title='bbox 1005 1857 1151 1930; x_wconf 85' lang='lat' dir='ltr'><strong>tempore,</strong></span> <span class='ocrx_word' id='word_1_93' title='bbox 1175 1857 1280 1912; x_wconf 81' lang='lat' dir='ltr'><strong>noctes</strong></span> <span class='ocrx_word' id='word_1_94' title='bbox 1377 1859 1414 1906; x_wconf 82' lang='lat' dir='ltr'><strong>oe</strong></span> 
     </span>
     <span class='ocr_line' id='line_1_15' title="bbox 484 1933 1152 2002; baseline 0.001 -8"><span class='ocrx_word' id='word_1_95' title='bbox 484 1933 627 1995; x_wconf 82' lang='lat' dir='ltr'><strong>Ducimur</strong></span> <span class='ocrx_word' id='word_1_96' title='bbox 647 1935 812 2002; x_wconf 84' lang='lat' dir='ltr'><strong>insomnes.</strong></span> <span class='ocrx_word' id='word_1_97' title='bbox 836 1935 935 1994; x_wconf 91' lang='lat' dir='ltr'><strong>omnis</strong></span> <span class='ocrx_word' id='word_1_98' title='bbox 956 1950 1056 1994; x_wconf 88' lang='lat' dir='ltr'><strong>amara</strong></span> <span class='ocrx_word' id='word_1_99' title='bbox 1080 1933 1152 1995; x_wconf 87' lang='lat' dir='ltr'><strong>dies.</strong></span> 
     </span>
    </p>

    <p class='ocr_par' dir='ltr' id='par_1_10' title="bbox 419 2014 1329 2179">
     <span class='ocr_line' id='line_1_16' title="bbox 419 2014 1329 2096; baseline 0.002 -20"><span class='ocrx_word' id='word_1_100' title='bbox 419 2014 611 2078; x_wconf 70' lang='lat' dir='ltr'><strong>‘iieniiioont</strong></span> <span class='ocrx_word' id='word_1_101' title='bbox 631 2019 769 2096; x_wconf 77' lang='lat' dir='ltr'><strong>requiem</strong></span> <span class='ocrx_word' id='word_1_102' title='bbox 792 2024 860 2096; x_wconf 89' lang='lat' dir='ltr'><strong>post</strong></span> <span class='ocrx_word' id='word_1_103' title='bbox 881 2016 1004 2094; x_wconf 77' lang='lat' dir='ltr'><strong>longum</strong></span> <span class='ocrx_word' id='word_1_104' title='bbox 1026 2015 1161 2078; x_wconf 84' lang='lat' dir='ltr'><strong>membra</strong></span> <span class='ocrx_word' id='word_1_105' title='bbox 1184 2014 1329 2086; x_wconf 82' lang='lat' dir='ltr'><strong>iuberem,</strong></span> 
     </span>
     <span class='ocr_line' id='line_1_17' title="bbox 484 2098 1093 2179; baseline -0.002 -18"><span class='ocrx_word' id='word_1_106' title='bbox 484 2098 570 2161; x_wconf 88' lang='lat' dir='ltr'><strong>Unde</strong></span> <span class='ocrx_word' id='word_1_107' title='bbox 592 2107 662 2179; x_wconf 93' lang='lat' dir='ltr'><strong>peto</strong></span> <span class='ocrx_word' id='word_1_108' title='bbox 685 2100 757 2178; x_wconf 91' lang='lat' dir='ltr'><strong>poni</strong></span> <span class='ocrx_word' id='word_1_109' title='bbox 779 2099 905 2178; x_wconf 88' lang='lat' dir='ltr'><strong>proelia,</strong></span> <span class='ocrx_word' id='word_1_110' title='bbox 929 2117 1002 2179; x_wconf 85' lang='lat' dir='ltr'><strong>paee</strong></span> <span class='ocrx_word' id='word_1_111' title='bbox 1025 2098 1093 2161; x_wconf 87' lang='lat' dir='ltr'><strong>irui.</strong></span> 
     </span>
    </p>

    <p class='ocr_par' dir='ltr' id='par_1_11' title="bbox 441 2181 1413 2352">
     <span class='ocr_line' id='line_1_18' title="bbox 441 2181 1156 2264; baseline 0.003 -20"><span class='ocrx_word' id='word_1_112' title='bbox 441 2182 609 2246; x_wconf 81' lang='lat' dir='ltr'><strong>Poiiiiamos</strong></span> <span class='ocrx_word' id='word_1_113' title='bbox 632 2183 732 2246; x_wconf 83' lang='lat' dir='ltr'><strong>verbis</strong></span> <span class='ocrx_word' id='word_1_114' title='bbox 753 2200 908 2246; x_wconf 89' lang='lat' dir='ltr'><strong>assensum</strong></span> <span class='ocrx_word' id='word_1_115' title='bbox 931 2181 1070 2264; x_wconf 90' lang='lat' dir='ltr'><strong>praebuit</strong></span> <span class='ocrx_word' id='word_1_116' title='bbox 1091 2187 1156 2246; x_wconf 87' lang='lat' dir='ltr'><strong>istis</strong></span> 
     </span>
     <span class='ocr_line' id='line_1_19' title="bbox 484 2267 1413 2352; baseline -0.001 -21"><span class='ocrx_word' id='word_1_117' title='bbox 484 2269 521 2332; x_wconf 83' lang='lat' dir='ltr'><strong>iit</strong></span> <span class='ocrx_word' id='word_1_118' title='bbox 541 2287 646 2350; x_wconf 86' lang='lat' dir='ltr'><strong>paoem</strong></span> <span class='ocrx_word' id='word_1_119' title='bbox 669 2271 734 2332; x_wconf 86' lang='lat' dir='ltr'><strong>tieri</strong></span> <span class='ocrx_word' id='word_1_120' title='bbox 757 2267 898 2350; x_wconf 88' lang='lat' dir='ltr'><strong>postulat,</strong></span> <span class='ocrx_word' id='word_1_121' title='bbox 922 2287 1003 2330; x_wconf 90' lang='lat' dir='ltr'><strong>arma</strong></span> <span class='ocrx_word' id='word_1_122' title='bbox 1027 2273 1135 2352; x_wconf 85' lang='lat' dir='ltr'><strong>premi.</strong></span> <span class='ocrx_word' id='word_1_123' title='bbox 1376 2281 1413 2330; x_wconf 86' lang='lat' dir='ltr'><strong>eo</strong></span> 
     </span>
    </p>
   </div>
   <div class='ocr_carea' id='block_1_3' title="bbox 726 2451 1126 2527">
    <p class='ocr_par' dir='ltr' id='par_1_12' title="bbox 726 2451 1126 2527">
     <span class='ocr_line' id='line_1_20' title="bbox 726 2451 1126 2527; baseline 0.01 -19"><span class='ocrx_word' id='word_1_124' title='bbox 726 2451 899 2526; x_wconf 79' lang='lat' dir='ltr'><strong>[romnus</strong></span> <span class='ocrx_word' id='word_1_125' title='bbox 917 2451 1126 2527; x_wconf 77' lang='lat' dir='ltr'><strong>noourrun]</strong></span> 
     </span>
    </p>
   </div>
   <div class='ocr_carea' id='block_1_4' title="bbox 441 2577 1415 3592">
    <p class='ocr_par' dir='ltr' id='par_1_13' title="bbox 441 2577 1415 3592">
     <span class='ocr_line' id='line_1_21' title="bbox 442 2577 1133 2640; baseline -0.001 -1"><span class='ocrx_word' id='word_1_126' title='bbox 442 2577 537 2640; x_wconf 85' lang='lat' dir='ltr'><strong>lratus</strong></span> <span class='ocrx_word' id='word_1_127' title='bbox 559 2578 712 2640; x_wconf 83' lang='lat' dir='ltr'><strong>Priamus:</strong></span> <span class='ocrx_word' id='word_1_128' title='bbox 737 2577 885 2639; x_wconf 75' lang='lat' dir='ltr'><strong>Antenor!</strong></span> <span class='ocrx_word' id='word_1_129' title='bbox 908 2593 989 2640; x_wconf 88' lang='lat' dir='ltr'><strong>nuno</strong></span> <span class='ocrx_word' id='word_1_130' title='bbox 1011 2579 1133 2640; x_wconf 82' lang='lat' dir='ltr'><strong>recitato</strong></span> 
     </span>
     <span class='ocr_line' id='line_1_22' title="bbox 484 2661 1120 2742; baseline -0.006 -18"><span class='ocrx_word' id='word_1_131' title='bbox 484 2663 545 2734; x_wconf 78' lang='lat' dir='ltr'><strong>Est,</strong></span> <span class='ocrx_word' id='word_1_132' title='bbox 569 2665 619 2732; x_wconf 89' lang='lat' dir='ltr'><strong>ait.</strong></span> <span class='ocrx_word' id='word_1_133' title='bbox 644 2681 659 2723; x_wconf 91' lang='lat' dir='ltr'><strong>a</strong></span> <span class='ocrx_word' id='word_1_134' title='bbox 683 2663 779 2742; x_wconf 85' lang='lat' dir='ltr'><strong>eapite</strong></span> <span class='ocrx_word' id='word_1_135' title='bbox 802 2661 920 2740; x_wconf 75' lang='lat' dir='ltr'><strong>cognito</strong></span> <span class='ocrx_word' id='word_1_136' title='bbox 944 2680 1033 2725; x_wconf 82' lang='lat' dir='ltr'><strong>eausa</strong></span> <span class='ocrx_word' id='word_1_137' title='bbox 1055 2662 1120 2724; x_wconf 86' lang='lat' dir='ltr'><strong>tibi.</strong></span> 
     </span>
     <span class='ocr_line' id='line_1_23' title="bbox 444 2746 1196 2826; baseline 0.001 -18"><span class='ocrx_word' id='word_1_138' title='bbox 444 2746 488 2808; x_wconf 79' lang='lat' dir='ltr'><strong>iu</strong></span> <span class='ocrx_word' id='word_1_139' title='bbox 511 2747 627 2809; x_wconf 86' lang='lat' dir='ltr'><strong>iiaoaos</strong></span> <span class='ocrx_word' id='word_1_140' title='bbox 649 2746 766 2824; x_wconf 78' lang='lat' dir='ltr'><strong>legatus</strong></span> <span class='ocrx_word' id='word_1_141' title='bbox 790 2763 866 2816; x_wconf 88' lang='lat' dir='ltr'><strong>eras,</strong></span> <span class='ocrx_word' id='word_1_142' title='bbox 890 2764 959 2808; x_wconf 87' lang='lat' dir='ltr'><strong>oum</strong></span> <span class='ocrx_word' id='word_1_143' title='bbox 983 2754 1066 2826; x_wconf 89' lang='lat' dir='ltr'><strong>rapto</strong></span> <span class='ocrx_word' id='word_1_144' title='bbox 1090 2747 1196 2809; x_wconf 87' lang='lat' dir='ltr'><strong>iuiseet</strong></span> 
     </span>
     <span class='ocr_line' id='line_1_24' title="bbox 485 2829 1209 2912; baseline -0.001 -19"><span class='ocrx_word' id='word_1_145' title='bbox 485 2831 626 2893; x_wconf 82' lang='lat' dir='ltr'><strong>Primitue</strong></span> <span class='ocrx_word' id='word_1_146' title='bbox 650 2830 786 2912; x_wconf 73' lang='lat' dir='ltr'><strong>iiesyoue</strong></span> <span class='ocrx_word' id='word_1_147' title='bbox 810 2830 945 2911; x_wconf 84' lang='lat' dir='ltr'><strong>iactaque</strong></span> <span class='ocrx_word' id='word_1_148' title='bbox 968 2829 1080 2912; x_wconf 87' lang='lat' dir='ltr'><strong>praeda</strong></span> <span class='ocrx_word' id='word_1_149' title='bbox 1102 2833 1209 2908; x_wconf 77' lang='lat' dir='ltr'><strong>gravis,</strong></span> 
     </span>
     <span class='ocr_line' id='line_1_25' title="bbox 441 2914 1415 2997; baseline -0.003 -17"><span class='ocrx_word' id='word_1_150' title='bbox 441 2917 567 2997; x_wconf 90' lang='lat' dir='ltr'><strong>iusuper</strong></span> <span class='ocrx_word' id='word_1_151' title='bbox 589 2917 707 2977; x_wconf 87' lang='lat' dir='ltr'><strong>oooisus</strong></span> <span class='ocrx_word' id='word_1_152' title='bbox 728 2917 856 2995; x_wconf 76' lang='lat' dir='ltr'><strong>genitor,</strong></span> <span class='ocrx_word' id='word_1_153' title='bbox 881 2914 950 2994; x_wconf 84' lang='lat' dir='ltr'><strong>quid</strong></span> <span class='ocrx_word' id='word_1_154' title='bbox 974 2925 1072 2978; x_wconf 84' lang='lat' dir='ltr'><strong>cetera</strong></span> <span class='ocrx_word' id='word_1_155' title='bbox 1096 2916 1216 2978; x_wconf 79' lang='lat' dir='ltr'><strong>dicam?</strong></span> <span class='ocrx_word' id='word_1_156' title='bbox 1380 2927 1415 2977; x_wconf 82' lang='lat' dir='ltr'><strong>uo</strong></span> 
     </span>
     <span class='ocr_line' id='line_1_26' title="bbox 484 3000 1187 3084; baseline 0.001 -21"><span class='ocrx_word' id='word_1_157' title='bbox 484 3001 611 3083; x_wconf 82' lang='lat' dir='ltr'><strong>Propria</strong></span> <span class='ocrx_word' id='word_1_158' title='bbox 632 3001 773 3063; x_wconf 77' lang='lat' dir='ltr'><strong>continue</strong></span> <span class='ocrx_word' id='word_1_159' title='bbox 795 3001 925 3082; x_wconf 87' lang='lat' dir='ltr'><strong>prodere</strong></span> <span class='ocrx_word' id='word_1_160' title='bbox 948 3000 1057 3084; x_wconf 87' lang='lat' dir='ltr'><strong>probra</strong></span> <span class='ocrx_word' id='word_1_161' title='bbox 1081 3001 1187 3083; x_wconf 88' lang='lat' dir='ltr'><strong>pudor.</strong></span> 
     </span>
     <span class='ocr_line' id='line_1_27' title="bbox 443 3085 1220 3169; baseline 0 -19"><span class='ocrx_word' id='word_1_162' title='bbox 443 3087 511 3150; x_wconf 84' lang='lat' dir='ltr'><strong>Non</strong></span> <span class='ocrx_word' id='word_1_163' title='bbox 535 3089 619 3166; x_wconf 90' lang='lat' dir='ltr'><strong>quasi</strong></span> <span class='ocrx_word' id='word_1_164' title='bbox 644 3085 807 3156; x_wconf 75' lang='lat' dir='ltr'><strong>nuntioius</strong></span> <span class='ocrx_word' id='word_1_165' title='bbox 831 3105 919 3169; x_wconf 88' lang='lat' dir='ltr'><strong>quam</strong></span> <span class='ocrx_word' id='word_1_166' title='bbox 942 3089 1125 3151; x_wconf 83' lang='lat' dir='ltr'><strong>secretarius</strong></span> <span class='ocrx_word' id='word_1_167' title='bbox 1147 3089 1220 3158; x_wconf 74' lang='lat' dir='ltr'><strong>iiras.</strong></span> 
     </span>
     <span class='ocr_line' id='line_1_28' title="bbox 483 3172 1063 3254; baseline -0.005 -18"><span class='ocrx_word' id='word_1_168' title='bbox 483 3173 558 3236; x_wconf 83' lang='lat' dir='ltr'><strong>iiam</strong></span> <span class='ocrx_word' id='word_1_169' title='bbox 581 3173 626 3235; x_wconf 78' lang='lat' dir='ltr'><strong>ria</strong></span> <span class='ocrx_word' id='word_1_170' title='bbox 649 3174 773 3236; x_wconf 88' lang='lat' dir='ltr'><strong>consiiio</strong></span> <span class='ocrx_word' id='word_1_171' title='bbox 796 3172 909 3254; x_wconf 88' lang='lat' dir='ltr'><strong>prodiit</strong></span> <span class='ocrx_word' id='word_1_172' title='bbox 930 3172 978 3236; x_wconf 93' lang='lat' dir='ltr'><strong>iiia</strong></span> <span class='ocrx_word' id='word_1_173' title='bbox 1002 3184 1063 3236; x_wconf 90' lang='lat' dir='ltr'><strong>tuo.</strong></span> 
     </span>
     <span class='ocr_line' id='line_1_29' title="bbox 441 3256 1194 3339; baseline -0.003 -18"><span class='ocrx_word' id='word_1_174' title='bbox 441 3259 484 3321; x_wconf 79' lang='lat' dir='ltr'><strong>ei</strong></span> <span class='ocrx_word' id='word_1_175' title='bbox 508 3259 640 3321; x_wconf 81' lang='lat' dir='ltr'><strong>Graecos</strong></span> <span class='ocrx_word' id='word_1_176' title='bbox 662 3258 764 3339; x_wconf 88' lang='lat' dir='ltr'><strong>itaquo</strong></span> <span class='ocrx_word' id='word_1_177' title='bbox 785 3259 928 3328; x_wconf 85' lang='lat' dir='ltr'><strong>transisti,</strong></span> <span class='ocrx_word' id='word_1_178' title='bbox 952 3259 1022 3339; x_wconf 83' lang='lat' dir='ltr'><strong>quii</strong></span> <span class='ocrx_word' id='word_1_179' title='bbox 1045 3256 1194 3320; x_wconf 87' lang='lat' dir='ltr'><strong>retuiistii</strong></span> 
     </span>
     <span class='ocr_line' id='line_1_30' title="bbox 483 3339 1413 3423; baseline 0 -19"><span class='ocrx_word' id='word_1_180' title='bbox 483 3341 590 3404; x_wconf 85' lang='lat' dir='ltr'><strong>Nonne</strong></span> <span class='ocrx_word' id='word_1_181' title='bbox 612 3351 736 3420; x_wconf 87' lang='lat' dir='ltr'><strong>repento</strong></span> <span class='ocrx_word' id='word_1_182' title='bbox 757 3343 820 3403; x_wconf 90' lang='lat' dir='ltr'><strong>suis</strong></span> <span class='ocrx_word' id='word_1_183' title='bbox 842 3350 872 3403; x_wconf 90' lang='lat' dir='ltr'><strong>te</strong></span> <span class='ocrx_word' id='word_1_184' title='bbox 895 3359 1049 3422; x_wconf 79' lang='lat' dir='ltr'><strong>pupugere</strong></span> <span class='ocrx_word' id='word_1_185' title='bbox 1071 3339 1207 3423; x_wconf 72' lang='lat' dir='ltr'><strong>probris?</strong></span> <span class='ocrx_word' id='word_1_186' title='bbox 1379 3353 1413 3404; x_wconf 76' lang='lat'><strong>⁷0</strong></span> 
     </span>
     <span class='ocr_line' id='line_1_31' title="bbox 441 3425 1316 3504; baseline 0 -15"><span class='ocrx_word' id='word_1_187' title='bbox 441 3426 544 3489; x_wconf 86' lang='lat' dir='ltr'><strong>Nonne</strong></span> <span class='ocrx_word' id='word_1_188' title='bbox 567 3427 709 3504; x_wconf 87' lang='lat' dir='ltr'><strong>irequeos</strong></span> <span class='ocrx_word' id='word_1_189' title='bbox 730 3425 865 3488; x_wconf 76' lang='lat' dir='ltr'><strong>hortator</strong></span> <span class='ocrx_word' id='word_1_190' title='bbox 887 3445 963 3496; x_wconf 88' lang='lat' dir='ltr'><strong>eras,</strong></span> <span class='ocrx_word' id='word_1_191' title='bbox 987 3435 1022 3488; x_wconf 94' lang='lat' dir='ltr'><strong>ut</strong></span> <span class='ocrx_word' id='word_1_192' title='bbox 1042 3427 1072 3488; x_wconf 86' lang='lat' dir='ltr'><strong>iu</strong></span> <span class='ocrx_word' id='word_1_193' title='bbox 1095 3445 1178 3488; x_wconf 88' lang='lat' dir='ltr'><strong>ormo</strong></span> <span class='ocrx_word' id='word_1_194' title='bbox 1202 3425 1316 3488; x_wconf 84' lang='lat' dir='ltr'><strong>volaret</strong></span> 
     </span>
     <span class='ocr_line' id='line_1_32' title="bbox 485 3511 1144 3592; baseline -0.003 -20"><span class='ocrx_word' id='word_1_195' title='bbox 485 3511 521 3572; x_wconf 85' lang='lat' dir='ltr'><strong>Et</strong></span> <span class='ocrx_word' id='word_1_196' title='bbox 544 3518 682 3590; x_wconf 87' lang='lat' dir='ltr'><strong>quateret</strong></span> <span class='ocrx_word' id='word_1_197' title='bbox 704 3516 796 3570; x_wconf 89' lang='lat' dir='ltr'><strong>totum</strong></span> <span class='ocrx_word' id='word_1_198' title='bbox 820 3511 916 3589; x_wconf 90' lang='lat' dir='ltr'><strong>patria</strong></span> <span class='ocrx_word' id='word_1_199' title='bbox 937 3528 1025 3592; x_wconf 90' lang='lat' dir='ltr'><strong>posse</strong></span> <span class='ocrx_word' id='word_1_200' title='bbox 1047 3529 1144 3572; x_wconf 93' lang='lat' dir='ltr'><strong>suum.</strong></span> 
     </span>
    </p>
   </div>
   <div class='ocr_carea' id='block_1_5' title="bbox 509 3711 1409 3846">
    <p class='ocr_par' dir='ltr' id='par_1_14' title="bbox 509 3711 1409 3846">
     <span class='ocr_line' id='line_1_33' title="bbox 509 3711 1409 3778; baseline 0.002 -14"><span class='ocrx_word' id='word_1_201' title='bbox 509 3717 551 3768; x_wconf 78' lang='lat' dir='ltr'><strong>in.</strong></span> <span class='ocrx_word' id='word_1_202' title='bbox 568 3714 610 3764; x_wconf 74' lang='grc'><strong>46.</strong></span> <span class='ocrx_word' id='word_1_203' title='bbox 628 3712 741 3766; x_wconf 74' lang='lat' dir='ltr'><strong>Maxim.</strong></span> <span class='ocrx_word' id='word_1_204' title='bbox 754 3713 788 3777; x_wconf 86' lang='lat' dir='ltr'><strong>V,</strong></span> <span class='ocrx_word' id='word_1_205' title='bbox 800 3714 842 3764; x_wconf 77' lang='lat' dir='ltr'><strong>oe.</strong></span> <span class='ocrx_word' id='word_1_206' title='bbox 856 3714 898 3764; x_wconf 79' lang='lat' dir='ltr'><strong>iu.</strong></span> <span class='ocrx_word' id='word_1_207' title='bbox 959 3714 1002 3768; x_wconf 75' lang='lat' dir='ltr'><strong>ii.</strong></span> <span class='ocrx_word' id='word_1_208' title='bbox 1013 3714 1055 3766; x_wconf 76' lang='lat' dir='ltr'><strong>ie.</strong></span> <span class='ocrx_word' id='word_1_209' title='bbox 1075 3712 1154 3778; x_wconf 78' lang='lat' dir='ltr'><strong>Apuii</strong></span> <span class='ocrx_word' id='word_1_210' title='bbox 1168 3711 1248 3766; x_wconf 81' lang='lat' dir='ltr'><strong>eunii.</strong></span> <span class='ocrx_word' id='word_1_211' title='bbox 1261 3713 1282 3778; x_wconf 83' lang='lat' dir='ltr'><strong>i,</strong></span> <span class='ocrx_word' id='word_1_212' title='bbox 1295 3713 1354 3777; x_wconf 77' lang='lat'><strong>209,</strong></span> <span class='ocrx_word' id='word_1_213' title='bbox 1367 3716 1409 3766; x_wconf 75' lang='lat'><strong>00.</strong></span> 
     </span>
     <span class='ocr_line' id='line_1_34' title="bbox 577 3777 1266 3846; baseline 0.003 -16"><span class='ocrx_word' id='word_1_214' title='bbox 577 3777 659 3831; x_wconf 74' lang='lat' dir='ltr'><strong>Felix</strong></span> <span class='ocrx_word' id='word_1_215' title='bbox 678 3779 725 3846; x_wconf 86' lang='lat' dir='ltr'><strong>qui</strong></span> <span class='ocrx_word' id='word_1_216' title='bbox 743 3780 844 3832; x_wconf 84' lang='lat' dir='ltr'><strong>meruit</strong></span> <span class='ocrx_word' id='word_1_217' title='bbox 861 3779 1040 3846; x_wconf 69' lang='lat' dir='ltr'><strong>tranquillum</strong></span> <span class='ocrx_word' id='word_1_218' title='bbox 1058 3779 1161 3831; x_wconf 83' lang='lat' dir='ltr'><strong>ducere</strong></span> <span class='ocrx_word' id='word_1_219' title='bbox 1179 3781 1266 3832; x_wconf 77' lang='lat' dir='ltr'><strong>vitem</strong></span> 
     </span>
    </p>
   </div>
   <div class='ocr_carea' id='block_1_6' title="bbox 611 3847 1179 3902">
    <p class='ocr_par' dir='ltr' id='par_1_15' title="bbox 611 3847 1179 3902">
     <span class='ocr_line' id='line_1_35' title="bbox 611 3847 1179 3902; baseline 0.007 -4"><span class='ocrx_word' id='word_1_220' title='bbox 611 3847 649 3898; x_wconf 81' lang='lat' dir='ltr'><strong>Et</strong></span> <span class='ocrx_word' id='word_1_221' title='bbox 667 3847 756 3900; x_wconf 86' lang='lat' dir='ltr'><strong>ioetos</strong></span> <span class='ocrx_word' id='word_1_222' title='bbox 774 3847 872 3901; x_wconf 82' lang='lat' dir='ltr'><strong>stebiii</strong></span> <span class='ocrx_word' id='word_1_223' title='bbox 890 3847 1020 3900; x_wconf 78' lang='lat' dir='ltr'><strong>oiouders</strong></span> <span class='ocrx_word' id='word_1_224' title='bbox 1038 3848 1091 3898; x_wconf 87' lang='lat' dir='ltr'><strong>iios</strong></span> <span class='ocrx_word' id='word_1_225' title='bbox 1110 3848 1179 3902; x_wconf 85' lang='lat' dir='ltr'><strong>dieo.</strong></span> 
     </span>
    </p>
   </div>
   <div class='ocr_carea' id='block_1_7' title="bbox 440 3913 1409 4052">
    <p class='ocr_par' dir='ltr' id='par_1_16' title="bbox 440 3913 1409 4052">
     <span class='ocr_line' id='line_1_36' title="bbox 442 3913 1409 3983; baseline -0.002 -13"><span class='ocrx_word' id='word_1_226' title='bbox 442 3919 485 3970; x_wconf 72' lang='lat' dir='ltr'><strong>ou.</strong></span> <span class='ocrx_word' id='word_1_227' title='bbox 503 3915 615 3983; x_wconf 72' lang='lat' dir='ltr'><strong>virgilii</strong></span> <span class='ocrx_word' id='word_1_228' title='bbox 634 3913 820 3980; x_wconf 73' lang='lat' dir='ltr'><strong>ostien.111‚</strong></span> <span class='ocrx_word' id='word_1_229' title='bbox 835 3915 894 3970; x_wconf 75' lang='lat'><strong>285.</strong></span> <span class='ocrx_word' id='word_1_230' title='bbox 935 3919 975 3970; x_wconf 77' lang='lat'><strong>56.</strong></span> <span class='ocrx_word' id='word_1_231' title='bbox 994 3916 1063 3982; x_wconf 80' lang='lat' dir='ltr'><strong>glos.</strong></span> <span class='ocrx_word' id='word_1_232' title='bbox 1078 3931 1148 3968; x_wconf 88' lang='lat' dir='ltr'><strong>omn.</strong></span> <span class='ocrx_word' id='word_1_233' title='bbox 1163 3931 1215 3968; x_wconf 85' lang='lat' dir='ltr'><strong>em.</strong></span> <span class='ocrx_word' id='word_1_234' title='bbox 1228 3915 1264 3972; x_wconf 81' lang='lat' dir='ltr'><strong>ui.</strong></span> <span class='ocrx_word' id='word_1_235' title='bbox 1279 3922 1331 3972; x_wconf 84' lang='lat' dir='ltr'><strong>est.</strong></span> <span class='ocrx_word' id='word_1_236' title='bbox 1365 3917 1409 3968; x_wconf 79' lang='grc'><strong>66.</strong></span> 
     </span>
     <span class='ocr_line' id='line_1_37' title="bbox 440 3983 868 4052; baseline -0.005 -16"><span class='ocrx_word' id='word_1_237' title='bbox 440 3985 510 4051; x_wconf 71' lang='lat' dir='ltr'><strong>pios.</strong></span> <span class='ocrx_word' id='word_1_238' title='bbox 527 3983 603 4052; x_wconf 83' lang='lat' dir='ltr'><strong>proi.</strong></span> <span class='ocrx_word' id='word_1_239' title='bbox 623 3984 714 4050; x_wconf 86' lang='lat' dir='ltr'><strong>probr.</strong></span> <span class='ocrx_word' id='word_1_240' title='bbox 732 3984 797 4051; x_wconf 84' lang='lat' dir='ltr'><strong>puti.</strong></span> <span class='ocrx_word' id='word_1_241' title='bbox 817 3989 868 4041; x_wconf 77' lang='lat' dir='ltr'><strong>est</strong></span> 
     </span>
    </p>
   </div>
   <div class='ocr_carea' id='block_1_8' title="bbox 0 0 1691 4788">
    <p class='ocr_par' dir='ltr' id='par_1_17' title="bbox 0 0 1691 4788">
     <span class='ocr_line' id='line_1_38' title="bbox 0 0 1691 4788; baseline 0 0"><span class='ocrx_word' id='word_1_242' title='bbox 0 0 1691 4788; x_wconf 95' lang='lat' dir='ltr'><strong> </strong></span> 
     </span>
    </p>
   </div>
  </div>
 </body>
</html>
