3340 4788
573 719 636 772 ere.
655 715 689 772 v.
720 736 747 773 v.
765 721 910 774 roo-mo.
1172 721 1235 790 145

303 879 368 940 lluc
390 874 535 940 obversus
558 883 586 937 et
609 876 669 938 lruc
690 877 735 939 ire
758 895 886 958 perere
910 878 1005 949 dolet:
1182 889 1234 940 400

258 959 451 1045 splendescit
472 980 596 1043 campus
619 965 711 1024 armis
734 962 924 1036 sublimibus,
948 964 1007 1027 alto

304 1050 463 1111 llastarum
487 1065 612 1110 nemore
634 1049 753 1110 lerneus
775 1047 880 1111 lrorret
902 1067 982 1128 ager.

373 1195 510 1268 [FUROR
526 1197 811 1255 PENTHESILEAE
829 1197 876 1254 ΕΤ
893 1198 1122 1272 AMAZONUMJ

261 1303 493 1386 Quadrupedem
518 1305 645 1370 solidum
670 1308 780 1370 lerrata
804 1307 886 1370 celeo
910 1307 1012 1389 latigat
1227 1303 1229 1308 ’

304 1391 393 1454 Vecte
417 1411 472 1472 per
493 1391 617 1456 hostiles
638 1392 825 1456 Penthesilea
848 1393 968 1456 clroros.

263 1479 400 1558 Denique
424 1479 557 1540 consueti
580 1498 640 1541 non
665 1484 710 1541 est
732 1477 822 1542 oblita
846 1479 968 1556 tenoris,
1184 1488 1235 1540 400

305 1562 444 1625 lienudat
464 1563 606 1641 gladium,
631 1563 722 1626 caede
745 1563 859 1627 colorat
881 1582 1003 1643 agruim

261 1648 317 1712 Cui
339 1646 448 1709 lerisa
471 1649 553 1710 laevo
576 1648 727 1730 dependet
748 1667 850 1729 nnuma
875 1647 997 1718 lacerto,

307 1735 329 1793 Α
353 1740 438 1810 tergo
462 1731 584 1795 decoret
605 1751 715 1795 aureus
737 1751 826 1794 orcus
849 1733 963 1794 luerem.

263 1814 349 1877 itone
371 1815 498 1878 aelidem
522 1816 626 1879 «lextra
650 1821 729 1900 rapit
750 1817 898 1879 indelessa
924 1815 1094 1897 bipennem,

306 1903 393 1966 Nune
415 1903 506 1966 mittit
528 1903 608 1964 leem
632 1904 746 1986 spleuln
770 1902 861 1966 multu
886 1922 987 1978 rnnnu,
1185 1913 1237 1965 440

264 1987 347 2058 Quae
370 1996 467 2053 larrren
492 1989 652 2060 interdum,
675 1993 701 2053 si
726 1989 793 2053 telis
816 1990 900 2074 pnlse
924 1988 1094 2061 reecdtnrt.'

306 2079 385 2139 Arcu
408 2094 552 2139 converso
575 2095 644 2140 mox
667 2075 803 2141 revolare
825 2079 909 2148 larit;

265 2165 303 2226 lit
323 2169 397 2243 quot
419 2167 508 2226 missa
532 2181 620 2225 menn
645 2165 789 2226 contorsit
811 2162 928 2247 spicula
952 2164 1046 2243 virgo,

308 2248 351 2310 Ad
377 2258 486 2311 terram
508 2247 579 2328 jacti
603 2257 647 2312 tot
669 2249 808 2311 cecidere
830 2251 896 2311 riri.

264 2337 378 2416 Aspera
402 2351 501 2413 pugna
524 2334 617 2397 trehit
638 2335 699 2397 alto
722 2353 754 2396 se
776 2335 849 2405 sole,
874 2336 968 2394 virum
993 2335 1037 2394 rir
1187 2341 1238 2394 440

307 2419 430 2500 lmpetlt
452 2427 482 2481 et
503 2422 561 2482 vim
584 2422 628 2480 vis
651 2421 759 2482 cedere
781 2420 874 2481 ccede
898 2420 977 2479 iacit.

265 2503 327 2566 Nee
350 2511 464 2566 tantum
487 2505 543 2566 luit
565 2506 597 2566 in
620 2507 677 2565 isto
702 2505 745 2565 vir
768 2505 871 2584 virque
894 2501 1005 2579 duello,

309 2589 467 2670 lmpetltur
489 2592 558 2672 qula
582 2592 628 2650 vir
651 2591 775 2668 virgine,
799 2591 884 2667 virgo
908 2591 979 2649 riro.

265 2675 395 2747 Pascite,
419 2694 480 2737 rron
503 2676 625 2739 lascire:
651 2695 710 2738 non
733 2675 811 2738 sieut
834 2684 969 2737 enrerrtes

310 2761 359 2833 Se,
381 2761 434 2824 sed
458 2770 491 2822 ut
513 2770 646 2824 ementes
669 2780 867 2843 composuere
889 2771 1000 2823 truces.
1188 2769 1240 2821 400

267 2847 364 2909 Ocrea
388 2849 497 2910 lerreta
521 2851 612 2910 micat
634 2847 692 2918 nie,
715 2865 775 2908 non
799 2845 900 2908 osenle
925 2847 1061 2916 miscent,

190 2933 194 2942 '
311 2931 377 2993 Non
400 2933 506 2994 tlrorus
528 2933 579 2995 sed
603 2933 720 3001 thorax,
743 2948 802 2993 non
825 2950 935 3012 procus
956 2933 1049 2993 immo
1071 2948 1196 3011 proces:

268 3016 459 3087 l‘rocubitus,
483 3035 542 3079 non
567 3017 742 3080 concubitus
764 3019 910 3080 satiantur
932 3033 1043 3087 amore,

311 3101 362 3163 Vlr
381 3099 520 3181 jugulare
542 3120 627 3164 suam
650 3120 710 3163 non
734 3099 844 3163 uiolare
867 3100 977 3163 studet.

268 3186 378 3247 Ferrea
401 3187 520 3248 lerratis
543 3187 758 3269 constringunt⁸
774 3184 848 3247 colla
871 3184 1001 3253 lacertis,
1191 3192 1243 3243 400

311 3270 429 3333 Clamor
452 3273 483 3333 in
506 3271 654 3352 amplexu,
678 3269 780 3333 nrdlus
802 3269 932 3333 liabetur
954 3285 1054 3337 amor:

268 3355 333 3418 Non
357 3357 406 3419 isti
428 3357 558 3436 capitum
582 3357 653 3419 dont
675 3355 775 3418 oscula
799 3355 851 3418 sed
875 3353 1060 3438 capulornm,

312 3441 398 3504 linsia
422 3442 493 3506 dent
516 3441 647 3508 dolabris
668 3442 764 3526 jurgio
789 3441 886 3505 tlorrdo
910 3440 1017 3512 lubris;

271 3529 336 3591 Nou
357 3527 488 3610 jungunt
510 3540 634 3601 mentes,
657 3538 794 3610 pungunt
816 3529 866 3591 hic
888 3526 988 3590 escula
1014 3527 1129 3597 dentes,

313 3614 378 3676 Non
402 3634 472 3678 reor
495 3617 569 3679 llaec
591 3635 661 3679 rora
683 3616 735 3679 sed
759 3615 854 3694 magis
876 3632 943 3676 esse
965 3615 1041 3675 lora.
1192 3620 1250 3671 400

337 3819 396 3870 tot.
424 3835 533 3887 mergor
560 3819 658 3871 elnotus
681 3835 735 3872 non
762 3819 884 3886 pertinet
907 3816 942 3868 sti
965 3820 1076 3866 centum
1099 3815 1180 3868 modo
1198 3814 1248 3868 sed

270 3885 353 3937 etiem
373 3887 408 3938 ed
425 3887 537 3940 bellum.
628 3889 687 3940 tur.
705 3889 780 3954 Virg.
800 3887 867 3938 Aen.
887 3884 934 3944 xi,
954 3887 1004 3936 6113

373 3983 406 3993 -·
424 3989 458 3999 -
475 3963 503 4008 et
521 3957 600 4010 lnovo
619 3957 754 4024 dependet
772 3971 868 4022 purms
887 3954 1007 4017 incerto.v

269 4027 330 4077 411.
349 4024 409 4077 cod.
428 4027 544 4080 recedit.

323 4126 417 4176 Troilus,
1061 4065 1092 4161 ll)
