3426 4786
823 719 1016 778 THIOFRIDI

432 879 507 947 Hoc
530 879 656 945 Alcwin
679 879 809 965 sapiens
831 876 923 942 Karli
946 877 1031 962 sapit
1051 875 1309 1026 hpperaspistes,

432 964 596 1032 Insulsum
617 963 725 1049 lepido
748 964 870 1049 satagit
890 983 1045 1048 seponere
1090 961 1170 1046 icto;

394 1065 421 1107 ²⁵
435 1049 498 1118 Sed
522 1071 594 1118 cum
616 1049 787 1116 Maeonius
808 1047 971 1114 modicum
993 1048 1146 1114 dormitet
1167 1045 1339 1127 Homerus,

433 1136 585 1203 Intentus
607 1136 704 1201 variis
726 1134 847 1199 dormit
867 1133 998 1199 decurio
1021 1133 1123 1210 curis,

312 1260 315 1270 ·
434 1218 597 1285 Praeterit
618 1242 657 1285 ex
679 1219 769 1283 miris
792 1217 953 1300 mirande,
977 1215 1135 1301 stupenda
1156 1215 1334 1300 stupendis.

435 1303 568 1368 Diducit
588 1305 729 1368 ruentem
751 1323 810 1386 per
855 1300 971 1366 lurirna
992 1300 1208 1383 deficientem,

434 1387 627 1453 Rhetoricos
649 1387 744 1453 flores
766 1388 800 1450 et
823 1323 1009 1451 drietotelis
1031 1383 1061 1450 le
1089 1385 1113 1450 't
1134 1387 1220 1450 artes

396 1489 422 1531 ³⁰
435 1471 513 1539 Alta
535 1471 651 1558 quibus
673 1470 787 1558 Magni
809 1491 901 1536 mens
922 1469 1004 1534 arsit
1025 1469 1063 1534 de
1087 1470 1133 1535 ita
1156 1433 1267 1549 Karli,

433 1556 530 1624 Esset
537 1607 545 1641 ,
569 1558 654 1643 quod
677 1559 767 1623 tauto
789 1555 923 1642 dignum
946 1553 1107 1640 proferret
1127 1556 1276 1637 alunmo,

433 1641 732 1711 Demonstrativum
755 1662 859 1728 genus
882 1639 1153 1728 enthymemaque
1175 1662 1318 1707 curvum.

436 1729 605 1798 Scribeudi
629 1728 795 1796 eachectes
817 1727 946 1814 scriptis
968 1727 1069 1814 digna
1089 1731 1232 1793 tacentes

435 1816 543 1883 Ambo
566 1815 643 1882 licet
665 1819 806 1898 cessent,
828 1818 937 1880 tamen
962 1813 1049 1880 orbis
1071 1813 1166 1900 signa
1189 1817 1351 1900 recenset,

396 1917 422 1960 ³⁵
434 1901 548 1968 Patres
594 1922 653 1967 use
674 1922 834 1968 memores
854 1899 990 1966 mittunt
1011 1899 1051 1966 ad
1074 1899 1277 1986 posteriores.

435 1986 587 2054 Preion
612 2009 649 2054 us
672 1986 785 2072 templi
807 1985 994 2071 pendebant
1016 1986 1145 2052 vincula
1166 1984 1244 2051 ferri

436 2072 498 2140 Per
519 2073 603 2139 tanti
627 2073 777 2138 meritum
798 2072 947 2138 manibus
970 2072 1112 2138 resoluta
1133 2092 1276 2155 reorum,

435 2157 627 2226 Pendebent
647 2160 759 2244 tritae,
782 2179 864 2244 quae
886 2157 1069 2240 dissiluere,
1094 2163 1242 2243 catenae,

435 2245 573 2331 Beseda,
596 2245 744 2326 lecticae,
768 2245 906 2331 pilenta,
929 2247 1102 2331 petorrita,
1127 2245 1257 2328 raedae,

396 2330 485 2399 *oux
508 2355 582 2399 cera
603 2354 741 2483 mappas
763 2332 979 2399 membrorum
1003 2333 1119 2420 pollice
1141 2335 1273 2399 tractae.
1330 2341 1407 2398 tau*

434 2417 509 2485 Non
533 2420 609 2506 iuga
630 2441 684 2484 mu
699 2424 732 2486 ta
753 2419 849 2500 bouum
872 2425 1004 2505 possent
1026 2420 1149 2486 deterre
1172 2419 1320 2501 cedrum,

436 2503 529 2581 Quod
551 2505 614 2570 fuit
635 2505 785 2588 affixum,
809 2510 859 2570 tot
880 2507 1046 2590 signorum
1068 2507 1313 2574 monimentum.

434 2587 557 2654 Visitat
578 2589 654 2652 inde
676 2589 781 2653 locum
805 2587 995 2670 Germania,
1019 2587 1127 2653 Gallia
1150 2592 1298 2652 nostrum

435 2670 648 2738 Hebdomada
670 2672 786 2738 celebri
810 2671 965 2738 descensu
987 2673 1170 2757 pneumatis
1192 2671 1265 2751 alti,

397 2770 423 2810 (ἢ
438 2753 520 2820 Oum
565 2776 600 2820 er
643 2755 791 2820 usdrifidi
813 2761 1032 2821 transcursum
1055 2755 1197 2821 confluat
1218 2755 1306 2820 anui.

478 2777 582 2907 xxl.
600 2776 683 2936 'ded
705 2860 766 2904 nos
780 2838 917 2924 digressi
931 2845 1113 2938 repetamus
1129 2842 1244 2923 coepta
1259 2842 1406 2926 regressi.

435 2922 475 2989 In
497 2923 626 3009 lychnrs
648 2923 755 2989 oleum
776 2923 922 3008 pendens
943 2927 1046 3009 patna
1067 2929 1145 2990 ante
1167 2924 1350 3009 sepulcrum

435 3008 573 3076 Noctem
595 3008 729 3093 devicit,
758 3029 823 3074 nox
843 3009 875 3074 id
898 3010 1023 3076 fuscare
1045 3009 1204 3096 nequivit:

436 3092 520 3160 Solis
542 3094 577 3160 in
600 3095 767 3180 occubitu,
789 3095 887 3162 solari
907 3096 999 3162 fulsit
1021 3097 1054 3162 in
1079 3099 1169 3182 ortu,
1254 3163 1258 3170 ,

397 3177 527 3244 coluter
547 3180 910 3260 missarumsollemnia
931 3181 1033 3248 crevit
1054 3183 1089 3247 in
1111 3180 1211 3248 altum
1218 3232 1229 3266 ,

434 3263 611 3349 Ebullivit,
634 3264 769 3331 humum
792 3267 965 3332 madefecit
986 3267 1131 3352 margine
1154 3267 1278 3352 fusum3

434 3348 614 3435 Exceptum
637 3349 755 3435 phialis
777 3354 843 3437 est,
866 3351 1017 3437 ampullis
1039 3351 1197 3439 hyalinis,

432 3432 497 3501 Est
517 3457 577 3520 pro
599 3435 712 3502 diviua
734 3435 952 3522 dispensatum
975 3439 1144 3505 medicina.

433 3519 504 3588 Nec
527 3521 681 3589 frustrata
701 3522 780 3589 fides
802 3528 867 3610 est,
889 3524 1017 3591 morbos
1039 3523 1167 3611 expulit
1189 3545 1312 3592 omnes.

503 3769 536 3820 28
566 3762 687 3844 Alcuuiu
713 3795 746 3804 -
813 3766 963 3835 eraspistes
987 3766 1046 3823 (Μ’
1137 3773 1171 3822 tt
1196 3767 1325 3823 Maenius
1351 3765 1408 3822 (Μ’

434 3835 467 3886 27
485 3829 610 3888 Preterst
629 3830 688 3887 (Μ’
754 3838 769 3887 t
805 3833 936 3890 cachetes
955 3833 1015 3891 (Μ’
1086 3835 1225 3892 tetricae
1245 3835 1305 3891 GT
1372 3840 1405 3890 ³9

433 3898 519 3954 redae
539 3899 598 3954 (Μ’
676 3905 709 3953 44
727 3898 894 3957 Ebdomada
914 3902 972 3957 (Μ’
1043 3908 1077 3957 46
1095 3907 1198 3972 caepta
1216 3903 1243 3958 G
1276 3902 1406 3974 ceptaY

433 3971 466 4020 lt
485 3982 514 4020 se
535 3965 664 4020 ulchrum
685 3966 710 4020 G
780 3973 813 4021 50
831 3970 990 4041 solempnia
1008 3970 1067 4026 GT
1134 3977 1165 4026 δι
1184 3971 1360 4042 Excaeptum
1379 3968 1406 4024 G

434 4032 493 4103 phy
523 4033 547 4088 is
564 4063 597 4073 —
615 4033 725 4103 yslynie
745 4031 803 4088 GT
1223 4037 1227 4047 '
