3426 4786
397 743 486 800 Vl'I'A
504 744 755 803 WlLLlBRORDI
774 747 946 806 namon.
982 748 1051 806 nm.
1072 751 1104 806 ΙΙ.
1129 749 1176 806 111.
1269 821 1270 825 Ἰ

313 902 375 969 Est
395 902 561 988 impensus
583 901 703 982 honor,
729 903 967 971 demonstratus
989 907 1099 992 gregis
1122 906 1229 972 ardor.

315 989 433 1054 Astans
456 987 621 1072 angelicus
644 988 786 1072 complet
807 1010 864 1054 sue
885 991 997 1055 munia
1016 995 1144 1057 coetus:

261 1095 301 1136 reo
315 1073 450 1139 Saeuior
471 1072 648 1157 unguentis
671 1073 752 1138 odor
774 1077 823 1138 est
844 1074 935 1140 fusus
957 1076 1123 1160 pretiosis,

314 1156 373 1222 nst
395 1157 484 1223 loeus
506 1155 560 1222 hio
575 1159 662 1222 visus
684 1156 833 1224 redolens
856 1162 1010 1245 tanquam
1032 1158 1210 1245 paradisus.
1243 1196 1283 1210 -

313 1241 387 1309 Non
409 1241 495 1308 ultra
516 1241 622 1328 plenis
644 1243 736 1328 potui
759 1243 949 1328 pertendere
972 1245 1069 1322 uelis,

315 1326 376 1395 vix
399 1327 493 1416 tetigi
517 1331 664 1414 portum,
687 1329 764 1414 quia
784 1329 870 1395 traxi
893 1351 1025 1416 corpore
1048 1330 1210 1409 morbum,

313 1413 406 1482 Sensi
428 1413 609 1498 sentinam,
631 1414 758 1487 tristem
779 1415 876 1482 timui
899 1416 1087 1483 Libitinam.

759 1611 838 1687 ΙΠ.

313 1744 489 1812 Incolumis
511 1750 622 1831 repeto
646 1747 756 1811 navim
778 1747 920 1831 litusque
942 1747 1101 1833 relinquo.

313 1830 335 1896 S
359 1830 451 1896 iritus
473 1831 595 1917 aspiret
617 1853 676 1898 nec
699 1831 829 1896 flamine
851 1833 984 1896 carbasa
1004 1832 1127 1916 privetl
1151 1869 1190 1879 —

347 1914 456 1981 aribus
479 1919 633 1982 attractus
656 1937 723 1982 non
747 1920 797 1981 est
820 1915 900 1982 odor
922 1920 1127 2001 attenuatus,

313 1999 375 2068 Sed
398 2002 506 2100 potius
529 2003 647 2084 crevit,
670 2003 742 2068 loca
763 2023 854 2068 saera
876 2024 996 2089 uapore
1018 2001 1170 2088 replevit,

288 2084 376 2151 anst
396 2093 500 2153 instar
521 2089 659 2154 nebulae
680 2088 788 2168 fusus,
811 2087 903 2173 quasi
926 2088 1035 2153 fumus
1057 2109 1184 2153 acerrae

316 2170 450 2238 Obtexit
472 2172 635 2238 madidum
657 2172 862 2239 lacrimarum
886 2172 1018 2238 flumine
1040 2172 1175 2256 lectum,

314 2255 383 2334 Quo
405 2256 513 2322 senior
535 2257 647 2340 caluit,
670 2279 734 2343 quo
756 2257 900 2323 membra
922 2257 1037 2324 senilia
1059 2256 1156 2341 fouit,
1268 2339 1270 2342 Ι

313 2340 407 2408 Unda
429 2343 539 2428 polum
563 2343 671 2429 petiit,
696 2345 770 2408 dum
794 2342 901 2409 carnis
923 2343 1076 2408 lemmata
1098 2342 1203 2428 liquit.

315 2427 374 2493 asu
395 2427 440 2493 ibi
463 2429 608 2494 divinum
631 2430 740 2494 lumen
763 2428 985 2513 splendescere
1007 2427 1125 2508 uisum,

272 2531 298 2572 ιι
312 2511 452 2596 Lumen,
498 2515 561 2579 uod
584 2515 717 2579 mtilum
739 2535 805 2579 non
827 2535 891 2578 nox
913 2513 1091 2598 interpolat
1112 2517 1229 2579 ortum.

312 2597 338 2664 0
363 2620 460 2684 quam
476 2535 560 2664 (delia
583 2604 648 2683 est,
671 2599 722 2665 cui
746 2599 870 2664 mansio
894 2620 966 2665 cum
990 2600 1115 2685 superis
1138 2599 1203 2665 estl

316 2686 414 2752 Areet
435 2690 612 2753 nocturnas
635 2709 654 2752 a
677 2685 771 2754 claris
794 2687 928 2752 artubus
952 2685 1093 2753 umbras.
1204 2693 1282 2748 l.81'

313 2771 388 2838 Non
410 2794 484 2839 caro
505 2773 678 2856 foetorem,
702 2774 758 2839 sed
781 2773 900 2838 amomi
923 2773 1025 2858 spirat
1046 2774 1190 2851 odorem,

313 2857 446 2925 Vermes
468 2881 535 2925 nou
558 2859 667 2947 gignit
687 2857 834 2945 putidos,
858 2860 914 2924 sed
936 2861 1090 2937 aromata.
1103 2859 1216 2940 vincit,

274 2963 299 3004 a
314 2943 399 3010 Dum
421 2946 573 3030 moritur,
595 2946 691 3032 vivit,
714 2945 789 3030 quia
812 2945 896 3010 vitae
920 2945 1009 3011 curia
1031 2945 1126 3027 ririt3

313 3031 384 3109 Qua
405 3031 482 3098 deus
504 3031 670 3116 accubuit,
693 3031 823 3097 cenavit
843 3052 917 3096 cum
938 3034 1046 3117 patre,
1071 3030 1206 3111 mansit,

313 3116 507 3183 decubitum
530 3117 655 3182 dulcem
678 3139 736 3202 per
758 3138 888 3182 suavem
910 3116 1020 3200 prodit
1041 3118 1182 3182 odorem.

314 3201 374 3267 Est
395 3202 594 3268 mausoleum
617 3203 719 3286 patris
742 3201 860 3286 oppido
882 3201 1105 3267 nobilitatumr

315 3287 485 3353 Excedunt
506 3309 674 3352 numerum
698 3286 854 3352 miracula
875 3288 1012 3373 grandia
1035 3290 1174 3370 eertum,

272 3393 299 3432 ao
312 3371 420 3438 Indita
441 3374 496 3438 sed
519 3377 628 3438 cartae
651 3395 719 3438 non
740 3377 815 3437 sunt
837 3371 993 3457 scriptore
1015 3375 1161 3438 vacante.

312 3457 437 3544 Nempe
460 3462 554 3524 vacat
575 3458 702 3525 Scottus
724 3479 792 3523 rem
814 3460 941 3522 tantam
962 3458 1085 3544 primus
1107 3459 1255 3539 adorsus,

314 3543 444 3632 Ingenii
467 3545 585 3611 nebula
607 3546 704 3630 tegit,
728 3543 845 3610 oblinit
867 3543 981 3609 inolita
1002 3548 1104 3631 gesta.

381 3737 431 3788 778
449 3732 582 3855 appensus
602 3731 627 3787 G
697 3737 747 3787 779
766 3731 863 3786 caetus
882 3731 941 3786 GT
1007 3737 1057 3786 780
1076 3731 1207 3800 ungentis
1227 3730 1287 3786 GT

313 3799 448 3922 pfeciosis
568 3805 617 3858 781
639 3805 785 3869 umquam
806 3798 830 3852 Τ
862 3799 1019 3919 paradpsus
1037 3797 1096 3854 GT
1168 3802 1219 3854 uel
1242 3799 1283 3868 ly·

332 3867 460 3988 athpnam
481 3867 540 3923 GT
602 3873 665 3937 post
683 3883 707 3920 c.
726 3873 777 3922 784
795 3867 918 3934 Explicit
934 3867 955 3919 lr
976 3881 1009 3920 er
1026 3864 1166 3920 secundm
1185 3865 1245 3921 GT

393 3933 484 4004 ncipit
495 3935 567 3990 liber
579 3935 680 3990 tertius
694 3934 752 3990 GT
819 3937 1011 3989 tacervae‘l'
1078 3939 1152 3988 7αιι
1163 3933 1282 3990 cubuit?
1408 3991 1409 3996 χ

314 4008 344 4059 ιι
363 4007 522 4073 carmelo.
546 4002 755 4074 inponeretur?
827 4008 858 4058 13
877 4001 1059 4059 faetoremG
1130 4005 1162 4057 18
1181 4017 1284 4059 caena·

313 4071 399 4130 vitG
470 4075 500 4128 19
518 4071 728 4128 ExcaeduntG
