3372 4788
396 684 435 749 16
553 661 555 666 '
707 678 1000 768 ,umorum

393 834 454 901 use
475 835 560 900 vitae
583 833 740 919 specular,
762 834 845 899 nulli
867 833 1041 900 virtutibus
1063 833 1178 932 impar,
1282 853 1286 858 ·

341 940 381 982 us
393 917 450 986 Nil
472 920 593 986 titubes
616 918 651 984 in
674 939 722 999 eo,
745 918 823 984 deus
845 922 894 984 est
915 923 949 984 et
968 921 1085 1004 regnet
1105 940 1140 983 ru
1163 917 1231 982 illo.

395 1005 476 1071 (ium
498 1005 605 1071 noctis
627 1004 732 1089 pullas
753 1003 810 1068 lux
831 1007 946 1089 quarto
968 1003 1142 1068 removerit
1164 1003 1303 1086 umbras,

395 1089 538 1154 Intrabit
559 1089 662 1154 celsae
684 1087 845 1154 Mavortia
866 1088 994 1153 moenia
1015 1086 1146 1153 Romae.

396 1172 482 1237 Huic
503 1192 646 1256 assurge,
668 1193 746 1237 cave
768 1172 921 1254 dimittas,
946 1170 1055 1236 oscula
1076 1171 1149 1256 fige,

395 1255 435 1322 ln
457 1256 582 1322 domiui
604 1255 704 1341 digno
727 1254 893 1321 domiuum
916 1275 1070 1321 venerere
1092 1253 1250 1319 ministro.

344 1358 383 1399 ⁴2⁰
397 1339 560 1427 Quidquid
581 1339 652 1408 vult
671 1361 710 1405 ex
730 1345 777 1420 te,
802 1339 958 1440 quidquid
980 1339 1076 1423 petit,
1103 1343 1233 1424 expetet
1260 1359 1299 1403 ex
1320 1341 1363 1403 te.

397 1425 454 1494 Nil
474 1428 609 1513 negites,
632 1425 716 1511 quod
740 1425 850 1513 hebes,
870 1426 916 1490 ml
939 1425 1015 1490 huic
1037 1423 1156 1490 donare
1178 1444 1314 1509 recuses,

398 1513 555 1581 Ornatum
579 1535 637 1601 per
659 1515 691 1580 tc
713 1535 839 1580 summo
862 1512 921 1580 sub
944 1513 1068 1579 bonore
1090 1513 1240 1578 remitte.'

399 1600 472 1668 Nox
495 1602 569 1686 ruit,
593 1600 728 1687 angelus
750 1601 912 1685 abscessit,
937 1599 1053 1686 vigilat
1074 1621 1166 1686 papa,
1188 1599 1303 1686 surgit.

399 1686 476 1755 Non
498 1709 601 1774 paror
622 1709 659 1754 ac
681 1691 786 1754 terror
807 1688 869 1754 sibi
890 1709 1040 1754 somnum
1062 1689 1151 1773 rupit
1172 1689 1204 1752 et
1225 1707 1323 1770 error,

210 1859 213 1866 Ι
346 1791 386 1833 uo
400 1772 506 1842 Sudor
527 1777 700 1860 proruptus
721 1795 788 1840 nou
810 1795 846 1840 os
868 1774 1011 1860 perfudit
1032 1776 1065 1839 et
1087 1775 1186 1857 artus,
1264 1776 1268 1783 '

398 1858 475 1927 Nou
496 1860 602 1924 somni
625 1859 775 1958 physicas
796 1859 951 1946 dignatur
973 1859 1103 1924 volvere
1126 1862 1243 1942 portes,

399 1943 475 2011 Nou
498 1946 599 2025 curat,
622 1943 700 2028 quid
722 1945 874 2028 eburnea,
896 1965 967 2024 neo,
989 1942 1066 2028 quid
1089 1963 1206 2008 cornea
1228 1942 1345 2023 mittat,

400 2027 554 2105 Quamvis
576 2027 657 2094 haec
680 2029 764 2094 veris
785 2030 839 2108 sit,
861 2029 1019 2094 etaltera
1041 2029 1151 2113 pervia
1172 2027 1272 2106 falsis,

400 2111 476 2181 Non
499 2135 551 2180 cre
575 2135 665 2180 erum
689 2115 799 2196 sensit,
823 2136 889 2180 non
911 2114 1000 2181 cordi
1023 2113 1193 2198 serupulus
1214 2112 1333 2179 haesit:

347 2216 387 2257 ⁴³⁰
401 2198 516 2266 Grates
539 2137 667 2266 <trinae
689 2221 748 2285 pro
771 2201 843 2265 visu
865 2201 963 2266 solvit
985 2201 1082 2264 usiae.

400 2284 463 2351 Sed
485 2288 598 2350 monet
619 2286 653 2350 in
675 2285 777 2370 portia
801 2308 851 2351 rue
872 2289 958 2351 stare
981 2306 1114 2349 camene
1136 2284 1259 2368 seratis,

401 2370 464 2435 Per
486 2391 537 2434 me
559 2373 751 2452 tractentur,
774 2371 909 2436 metrica
931 2371 1014 2436 clavi
1036 2373 1230 2452 reserentur,

400 2455 486 2520 Nam
508 2460 586 2518 sunt
606 2458 786 2519 exstructae
808 2454 1032 2539 physiologica
1053 2455 1189 2522 ratione.

402 2537 507 2602 Omne
529 2537 610 2602 latet
631 2559 743 2602 verum
766 2538 866 2602 deusa
887 2538 1026 2622 caligine
1048 2540 1181 2620 tectum,

349 2637 388 2679 ⁴³⁶
403 2620 465 2686 Sed
487 2621 537 2686 vis
559 2619 622 2685 hoc
643 2622 769 2686 animae
792 2621 864 2687 vult
886 2622 973 2687 claro
995 2621 1066 2686 luco
1089 2622 1196 2686 videre

398 2704 493 2790 Itque
515 2705 661 2789 reditque
683 2707 744 2771 sibi
767 2707 858 2792 quasi
880 2707 982 2772 libera
1004 2712 1090 2771 sorte
1112 2704 1255 2792 regendi,

401 2789 487 2855 Dum
510 2811 607 2876 sopor
629 2791 763 2877 illapsus
786 2791 929 2858 defessos
950 2791 1065 2890 irrigat
1087 2794 1186 2875 artus,

400 2879 544 2942 Asterno
568 2881 659 2942 motu
681 2877 814 2962 iugique
837 2880 967 2943 moratu
990 2898 1043 2941 nn
1066 2880 1139 2942 actu
1172 2877 1175 2884 '

399 2960 497 3029 Nunc
511 2961 607 3047 intre,
622 2983 710 3028 nuuc
725 2968 824 3045 extro,
839 2985 926 3030 nuuc
941 2961 1036 3046 iufra,
1051 2963 1148 3029 modo
1163 2984 1271 3048 supra,
1291 2969 1368 3026 suev

349 3067 389 3108 uo
402 3047 610 3134 Naturaeque
634 3071 710 3116 suae
733 3049 782 3116 ius
804 3054 911 3116 serrat
934 3053 967 3116 et
988 3050 1092 3115 exerit
1112 3050 1147 3115 iu
1170 3070 1205 3115 se

403 3135 531 3221 Aspicit
553 3135 744 3222 omnigenus
766 3157 872 3201 rerum
896 3135 1018 3221 species
1041 3141 1074 3201 et
1095 3135 1193 3202 ideas.

403 3219 438 3287 Si
460 3241 552 3285 meus
574 3225 624 3286 est
646 3221 732 3287 vitiis
755 3221 892 3288 lascivae
914 3221 1024 3287 dedita
1045 3222 1161 3301 carnis,

403 3303 439 3371 Si
462 3304 514 3371 vel
536 3306 683 3372 luxuriae
706 3307 756 3372 vel
778 3306 915 3373 flammis
937 3309 1063 3372 aestuat
1084 3307 1161 3386 irae,

403 3388 468 3457 Oor
490 3390 525 3456 iu
548 3391 717 3457 arentiam
740 3391 767 3457 si
790 3391 910 3458 diffluit
932 3392 1149 3476 ambitiosam,

350 3493 390 3534 «ω
403 3473 553 3543 Somniat
564 3476 626 3543 hoe
664 3477 725 3542 uod
742 3477 819 3562 agit,
832 3478 919 3562 quod
934 3478 1068 3563 cogitat,
1081 3479 1200 3561 horret,
1217 3478 1371 3558 hebescit,

402 3559 520 3643 Foede,
543 3499 684 3627 nefanda
707 3562 804 3647 videt,
828 3561 917 3645 iacit,
941 3562 1025 3628 hauc
1046 3563 1155 3629 illusio
1178 3568 1316 3648 torquet,

402 3645 550 3713 Intendit
571 3647 672 3730 falsis,
696 3648 768 3733 quis
789 3652 885 3733 ports
906 3650 1017 3716 subest
1038 3648 1229 3734 elephantis.

471 3871 522 3920 ur
549 3867 663 3926 moenia
689 3866 716 3922 θ
792 3872 844 3923 ue
872 3869 983 3924 enred*
1061 3875 1112 3924 ms
1139 3872 1291 3941 prorupere
1317 3853 1376 3926 GT

404 3937 455 3987 428
473 3933 524 4004 eit]
549 3935 637 3989 ertT
709 3939 760 3990 429
777 3935 901 3991 besitT
973 3944 1024 3993 480
1042 3935 1130 3992 Grata
1156 3935 1182 3991 Τ
1214 3953 1300 4006 uryee
1319 3936 1377 3992 GT

405 4005 456 4055 432
475 3999 598 4056 olaveT
664 4007 717 4062 441
734 4001 821 4071 ydem
840 4001 903 4058 GT
969 4011 1020 4061 446
1038 4003 1179 4060 rescae
1213 4004 1336 4060 b'edaT
