3426 4786
487 684 575 742 VITA
593 682 846 768 wluulssuosul
864 683 1038 744 METRICA.
1060 684 1128 740 lue.
1141 684 1177 740 11.
1279 685 1322 752 29

350 840 556 927 Incussitque
578 842 701 905 metum
724 841 791 905 tam
814 838 1004 906 detestabile
1025 840 1137 906 letum.

351 927 423 993 Hoc
444 926 533 992 obitu
556 929 693 1009 pereant
714 927 909 1010 quicumque
931 926 1097 991 viantibus
1120 927 1261 992 obstent.

351 1011 378 1077 0
401 1011 516 1097 quanti
539 1010 647 1074 meriti
669 1010 735 1091 vir,
758 1030 855 1094 quam
878 1030 971 1076 carus
995 1011 1122 1076 deitati!

352 1094 426 1162 Non
449 1094 527 1161 deus
549 1094 723 1176 offensum,
746 1094 876 1179 pulsum
899 1095 1022 1161 dimisit
1043 1095 1182 1162 inultum
1189 1126 1199 1180 i

297 1199 338 1239 οπο
351 1180 426 1246 Non
448 1179 517 1245 cius
542 1179 646 1256 cordi,
669 1201 737 1244 non
760 1180 829 1245 eius
851 1179 955 1245 defuit
976 1181 1032 1247 ori.

350 1264 426 1350 Ipse
447 1263 531 1329 nihil
554 1264 670 1342 voluit,
693 1263 756 1328 nisi
780 1265 864 1349 quod
887 1264 992 1329 voluit
1014 1265 1093 1330 deus
1115 1265 1202 1349 ipse,

352 1349 458 1418 Samae
480 1349 647 1415 doctrinae
668 1348 776 1414 studio
799 1348 952 1416 discurrit
973 1349 1102 1436 ubique.

393 1434 468 1502 XV.
502 1434 652 1520 Dumque
676 1455 733 1519 per
754 1434 870 1499 undosi
892 1435 1047 1502 transiret
1067 1434 1163 1501 litore
1184 1433 1279 1520 ponti

353 1520 427 1587 Sole
450 1524 610 1606 coquente
632 1519 734 1602 diem,
758 1519 846 1604 calor
869 1520 1016 1588 accendit
1037 1521 1108 1586 sitis
1131 1521 1253 1607 ignem.

301 1608 516 1674 conruerunt
537 1605 693 1672 comitum
716 1605 836 1688 fauces,
859 1628 912 1691 os,
937 1607 1064 1694 lingua,
1086 1608 1250 1692 palatum3

354 1693 414 1759 usu
435 1714 521 1778 aqua
543 1692 634 1757 iuxta
655 1713 706 1774 se,
729 1691 861 1779 salsugo
884 1691 939 1758 sed
963 1696 1092 1759 amovet
1114 1714 1134 1757 a
1155 1713 1208 1774 se,

353 1776 501 1844 Gemunt
522 1797 582 1842 nec
605 1780 748 1863 tangunt
770 1781 803 1843 et
824 1777 898 1862 plus
920 1777 1051 1861 sitiunt,
1075 1777 1151 1864 quia
1181 1779 1328 1842 cernunt.

355 1863 425 1941 Quo
449 1862 555 1930 minus
578 1863 729 1929 ardentes
752 1868 886 1949 possent
906 1864 1046 1930 tolerare
1068 1884 1222 1949 vapores,

354 1951 554 2037 Conspectus
576 1949 700 2016 fecistis
723 1971 824 2036 aquae
847 1949 923 2016 salis
945 1951 1049 2018 instar
1072 1971 1210 2016 amarae.
1252 1955 1331 2012 tier

302 2053 341 2094 ³³⁰
355 2036 593 2104 condescendit
613 2036 659 2103 eis
681 2038 732 2101 vir
753 2036 927 2103 mellifluae
948 2036 1097 2122 pietatis3

356 2122 405 2190 Ne
429 2124 651 2210 desperarent,
674 2122 842 2206 hortatus,
864 2145 906 2190 ne
928 2123 1119 2208 titubarent,

356 2210 378 2277 S
403 2232 420 2276 e
442 2210 518 2276 fidei
542 2210 643 2275 mixta
664 2209 766 2276 subiit
787 2211 930 2276 tentoria
951 2211 1017 2276 fixa
1264 2292 1266 2296 ,

356 2234 426 2362 ldie
448 2296 596 2380 permisit
616 2296 661 2361 ibi
685 2317 880 2381 quemquam
902 2296 1038 2381 propius
1060 2295 1223 2361 remorari.

360 2381 535 2446 Procubuit
556 2381 684 2446 modica
705 2383 817 2446 scrobe
839 2380 928 2446 iacta
950 2381 1041 2446 fusus
1063 2381 1099 2445 in
1121 2383 1209 2458 acta,

304 2482 345 2522 επ
358 2465 486 2530 Palmae
509 2466 673 2550 expandit,
697 2465 822 2530 caelum
845 2466 994 2550 precibus
1016 2464 1216 2550 penetravit:

356 2547 499 2618 ‘Summe
514 2550 607 2632 deus,
631 2551 699 2636 pie,
722 2571 795 2616 cure
812 2550 905 2630 deus,
930 2573 1003 2616 mea
1017 2571 1109 2636 spes,
1131 2571 1205 2615 mea
1219 2549 1333 2626 virtus,

357 2637 469 2704 Dulcis
493 2637 568 2704 fone
592 2637 695 2718 vitoe,
718 2637 765 2703 nil
788 2636 914 2704 dulcius
937 2641 971 2704 et
992 2636 1108 2703 melius
1132 2639 1179 2721 te,

357 2723 452 2792 Solus
474 2724 573 2791 habes
597 2726 703 2808 ‘essc’,
726 2747 790 2810 quo
811 2746 920 2790 rerum
942 2723 1077 2810 profluit
1098 2729 1205 2804 ‘esse’‚

358 2810 451 2877 ‘Esse
473 2817 576 2877 suum’
601 2811 658 2876 das
680 2811 812 2897 cuique,
834 2810 945 2877 dutum
969 2833 1026 2877 ceu
1049 2810 1099 2875 vis
1121 2809 1169 2874 ita
1190 2812 1308 2876 mutas.

307 2911 348 2954 ³⁴0
361 2896 401 2962 In
423 2896 590 2963 colubrum
611 2897 754 2982 typicam
777 2897 909 2963 mutasti
933 2919 965 2962 m
988 2896 1067 2961 stice
1090 2895 1232 2982 virgam3

362 2982 420 3048 usu
442 2983 547 3048 factus
568 2983 703 3067 sanguis
724 2982 835 3062 Nilus,
858 2919 1090 3068 Mempiiticus
1112 2981 1232 3065 amnis;

360 3066 519 3132 Profluxit
541 3066 645 3131 dulcis
668 3067 729 3131 diri
752 3068 841 3151 prius
863 3068 951 3132 unda
973 3067 1097 3165 saporis

361 3150 538 3215 Dulcorata
559 3155 637 3234 typo
660 3151 764 3216 crucis
786 3151 932 3216 immisso
955 3151 1018 3215 sibi
1041 3150 1150 3235 ligu03

363 3235 456 3300 Petra
479 3234 612 3299 Petrum
635 3236 769 3322 signans
792 3239 825 3299 et
846 3235 983 3318 mystica
1004 3234 1090 3298 dona
1112 3232 1302 3297 ministrans

308 3335 348 3378 ³⁴⁵
364 3319 520 3386 Ardorem
566 3319 664 3404 opuio
687 3321 758 3387 sitis
782 3320 923 3386 extinxit
944 3319 1094 3385 recutito.

361 3406 405 3472 Es
429 3406 507 3472 deus
529 3343 614 3471 idom
629 3428 718 3472 nunc
734 3410 767 3472 et
781 3405 866 3472 idem
883 3408 991 3493 potes,
1014 3405 1117 3504 opis,
1140 3402 1227 3489 quod
1243 3406 1338 3480 tuuc,

364 3493 427 3560 Par
449 3493 628 3580 similisque
650 3497 724 3561 tuos
747 3496 870 3560 recreet
890 3514 953 3559 nos
975 3495 1084 3580 grstia
1105 3512 1231 3574 servos,

366 3579 453 3646 Fons
475 3584 587 3647 manet
607 3579 711 3646 dulcis
732 3583 831 3667 gustu
853 3583 1008 3665 tactuque
1031 3578 1188 3660 salubris,

364 3665 415 3732 Ne
439 3671 690 3750 consumuntur,
715 3665 770 3766 qui
793 3688 844 3733 me
867 3688 927 3753 pro
950 3670 984 3731 te
1007 3664 1220 3749 comitentur,

310 3771 351 3814 uso
365 3751 452 3830 Quos
476 3753 668 3819 commisisti
691 3753 772 3819 mihi
794 3774 938 3839 quosque
961 3751 1042 3817 mihi
1066 3750 1224 3828 tribuisti;

430 3893 482 3944 818
510 3889 618 3944 laetum
647 3890 673 3945 G
759 3896 809 3946 ³23
836 3888 936 3944 littora
963 3887 1022 3944 GT
1106 3892 1155 3941 827
1183 3885 1287 3941 eiciunt
1314 3883 1341 3940 G

363 3963 410 4016 341
431 3957 640 4030 Mcnrphyticus
660 3959 718 4016 GT
773 3963 823 4014 343
841 3957 1004 4014 inmissoG
1056 3960 1107 4012 344
1125 3955 1211 4010 Petra
1228 3956 1341 4025 petram

365 4026 527 4097 Gr„
