3426 4786
436 725 479 788 50
627 779 631 787 ,
717 722 726 740 ’
826 718 1017 776 culorum

385 891 426 932 πο
438 871 622 939 Emendate
645 870 787 951 domum,
811 893 852 937 ne
875 871 918 936 sit
939 870 1096 955 spelunca
1118 870 1293 953 latronum,

437 955 489 1024 Ne
511 978 569 1023 vos
591 954 767 1022 vendentes
789 956 867 1022 deus
888 955 1057 1021 inveniens
1079 958 1112 1020 et
1134 960 1279 1021 ementes

439 1041 590 1109 Restibus
612 1041 765 1123 excutiet,
790 1041 875 1108 vites
897 1041 936 1108 de
957 1040 1069 1107 limine
1093 1041 1212 1110 trudet.

480 1126 636 1194 XXVIII.
660 1125 722 1194 Sed
738 1127 814 1212 quie
825 1148 885 1192 nos
895 1127 962 1212 poli
974 1148 1080 1212 vsppn
1091 1148 1201 1227 snmus
1216 1125 1300 1192 soris
1312 1126 1406 1208 sceti,

440 1211 654 1296 Divertemus,
678 1213 734 1279 ubi
755 1212 903 1278 redolent
924 1211 1054 1278 cellaria
1075 1213 1152 1282 vrni.

385 1317 424 1360 ess
437 1301 558 1365 Annus
580 1297 723 1386 Wilgisli
745 1297 842 1365 rediit
862 1297 1035 1364 celebratio
1057 1297 1144 1366 festi:

438 1384 556 1453 Officio
579 1384 697 1452 celebri
719 1385 789 1451 leus
810 1385 946 1452 solvitur
968 1386 1036 1451 eius
1057 1384 1184 1464 honori,

438 1471 525 1538 Grex
548 1471 651 1538 dulcis
673 1471 743 1538 nuti
764 1470 821 1538 det
842 1471 927 1538 dulci
950 1471 1083 1538 ebroine
1103 1470 1242 1572 parenti.

437 1557 499 1628 Sed
522 1558 598 1626 dum
622 1561 793 1626 consuetos
816 1561 941 1645 peteret
962 1558 1131 1625 sollemnis
1153 1578 1293 1643 menses,

437 1645 522 1726 Non,
569 1668 611 1711 uo
634 1645 755 1732 gaudet
776 1666 841 1726 cor,
864 1645 991 1712 suffecit
1012 1645 1115 1711 viteus
1137 1643 1261 1728 humor,

385 1729 495 1797 ssoNil
516 1731 560 1796 hs
582 1732 631 1798 uIt
652 1752 772 1798 vscuus
794 1734 923 1816 praeter
944 1730 1007 1796 duo
1030 1729 1161 1797 veseuls
1181 1751 1325 1828 promus,

436 1814 581 1882 Vescule
602 1817 641 1881 de
663 1816 763 1900 virgis
786 1815 881 1880 lentis
903 1819 1051 1881 conserte
1072 1814 1223 1900 sulign1s3

436 1898 487 1965 Ex
508 1900 561 1965 his
583 1905 633 1967 est
653 1900 801 1978 bibitum,
824 1921 922 1966 oense
943 1900 1050 1966 minus
1073 1900 1149 1965 inde
1171 1900 1329 1965 relictum.

437 1983 500 2050 Sed
523 1985 716 2070 vespertinis
738 1984 907 2051 celebretis
929 1984 1074 2050 dulcibus
1097 1983 1227 2070 hymnis

438 2069 533 2134 Aecit
554 2068 747 2136 Adelbertus
770 2070 958 2137 coenobitae
981 2071 1022 2135 he
1046 2091 1190 2146 nmenus,

384 2173 423 2216 ees
437 2151 584 2222 Roboret
605 2154 747 2240 elloquio
770 2154 940 2221 concordie
962 2175 999 2221 eo
1039 2177 1058 2220 e
1079 2159 1230 2253 peternot

435 2239 555 2305 ‘I'ilioli
577 2239 763 2325 dominique
785 2241 859 2322 mei,
882 2240 953 2306 sitis
976 2238 1151 2306 benedicti!
1325 2247 1404 2302 282*

435 2323 510 2390 Non
534 2325 605 2392 sitis
627 2327 753 2407 maesti,
776 2347 843 2392 non
865 2324 972 2392 desint
992 2324 1111 2412 gaudie
1134 2325 1245 2411 menti,

434 2409 512 2477 Non
534 2411 626 2477 dolor
647 2411 770 2478 afliciat
791 2411 863 2496 quis
885 2412 970 2478 vitoe
992 2411 1085 2496 penis
1108 2411 1260 2476 abundet

436 2495 545 2561 Viuite
567 2497 706 2580 spiritui,
731 2517 796 2562 non
820 2518 875 2560 cor
897 2497 1091 2561 substernite
1114 2496 1213 2573 cerni,

383 2599 422 2638 uo
435 2577 593 2665 Prospere
615 2601 682 2644 non
704 2580 829 2664 inflent,
851 2600 918 2647 non
944 2601 1000 2644 ros
1022 2580 1157 2645 sdverse
1179 2579 1329 2664 fatigent

434 2662 510 2728 Non
532 2665 632 2730 enimi
654 2664 779 2744 levites,
803 2685 868 2730 non
895 2686 954 2731 vos
976 2664 1091 2729 unsvit
1112 2667 1250 2749 egestus,

434 2746 509 2814 Non
532 2750 572 2815 ud
595 2748 732 2822 delicies¹
751 2750 814 2815 huc
837 2749 1035 2816 convenistis
1058 2750 1190 2834 opimas,

435 2831 497 2899 sec
544 2834 662 2901 erferre
686 2833 816 2918 famem,
839 2835 910 2901 sitis
932 2840 1070 2919 aestum,
1093 2832 1224 2916 dumne,
1249 2833 1402 2900 laborem.

433 2917 494 2986 Est
515 2856 592 2986 deus
615 2921 772 3006 invehis,
794 2921 828 2987 in
851 2942 889 2987 eo
912 2921 994 3006 sitis,
1016 2921 1186 2987 maneatis.

382 3024 422 3065 sss
435 3005 541 3072 Petris
563 3008 692 3094 petroni
715 3007 821 3075 colitis
844 3006 1014 3075 sollemnis
1035 3007 1149 3090 nostri,

433 3091 574 3160 Peneum
597 3094 749 3182 solvistis,
771 3094 885 3180 plenos
908 3095 1018 3181 epulas
1040 3093 1213 3179 meruistis,

433 3177 496 3246 Sed
519 3180 566 3246 nil
588 3185 638 3249 est
658 3181 738 3268 villi,
760 3184 814 3248 vix
836 3186 973 3268 possunt
993 3185 1127 3268 gutture
1149 3179 1245 3267 tingi.

431 3263 508 3332 Non
531 3266 717 3352 desperetis,
740 3289 806 3334 non
827 3288 989 3336 murmure
1012 3288 1070 3333 ros
1090 3266 1267 3332 mseuletis.

432 3349 534 3416 Filius
557 3350 652 3418 huius
675 3354 731 3439 eri,
755 3351 970 3432 wilbrordus,
994 3351 1099 3440 glorie
1120 3352 1211 3436 coeli,

380 3455 419 3495 ²⁵⁰
434 3435 521 3503 Vine
565 3438 737 3524 ropinevit‚
760 3460 842 3525 quse
864 3460 930 3504 non
953 3443 1072 3505 notura
1093 3437 1229 3520 ereevit3

432 3521 495 3620 Sed
517 3461 593 3588 fidei
615 3525 776 3607 meritum,
795 3523 855 3623 pie
875 3546 977 3609 mens,
999 3546 1054 3591 cor
1076 3523 1178 3608 dulce,
1202 3544 1350 3589 serenum

432 3605 485 3673 Src
507 3609 592 3692 potis
615 3613 665 3675 est
685 3609 803 3675 medior
825 3612 935 3696 guttas
958 3629 1076 3697 sugere
1098 3609 1204 3694 lyuei.¹

499 3781 549 3830 222
561 3777 729 3833 excucisttl
747 3777 930 3833 excrucistY
988 3784 1038 3834 222
1051 3777 1181 3833 acuetis}
1244 3784 1294 3832 227
1307 3794 1403 3833 cromu

432 3841 491 3897 GT
563 3849 612 3898 222
630 3843 799 3924 sollempnis
819 3845 879 3899 GT
949 3851 999 3900 222
1018 3859 1123 3900 csenue
1143 3845 1170 3899 G
1242 3851 1294 3900 222
1310 3846 1403 3914 ymnis

431 3908 489 3964 GT
561 3916 612 3966 222
630 3911 793 3966 ceenobrtss
813 3911 839 3966 0
861 3911 961 3966 cenob.
981 3912 1007 3965 T
1044 3928 1202 3991 ygumenus
1222 3913 1280 3967 GT
1351 3919 1401 3967 227

428 3977 513 4032 mesti
532 3975 592 4031 GT
652 3984 699 4032 242
715 3978 815 4032 enimi·
834 3979 860 4032 T
915 3984 965 4033 242
978 3978 1090 4034 delibes
1109 3978 1136 4033 G
1195 3984 1246 4033 242
1263 3979 1358 4033 sumen
1378 3980 1404 4033 Τ

429 4043 627 4114 dempnuGT
663 4044 806 4100 eccnobi·
820 4045 846 4099 T
883 4046 1175 4116 tltsolempnisdll'
1212 4045 1332 4116 2221γοί
1346 4046 1405 4101 GT
