3426 4786
469 703 559 762 VITA
576 703 826 762 WILLIBRORDI
845 705 1017 764 merulos.
1046 706 1160 764 hren.
1263 709 1303 776 31

331 859 485 928 Condidit
507 882 545 927 ex
568 859 672 926 nihilo
694 861 844 927 distinxit
865 864 898 926 et
920 861 1033 928 ordine
1055 867 1153 928 certo.

279 978 317 1020 3ae
331 943 385 1013 Sic
406 967 516 1012 rursus
538 947 672 1031 plenum
695 968 751 1012 vas
773 945 912 1012 reddidit
934 950 1137 1014 evacuatum.
1228 956 1247 1012 1.
1260 962 1306 1012 w

371 1029 476 1098 XVII.
500 1031 561 1097 Est
582 1031 681 1097 simili
695 1032 789 1120 signo
805 1032 909 1099 virtus
923 1034 1027 1118 patris
1042 1035 1155 1133 agnita
1170 1035 1304 1104 mundo.

329 1115 502 1201 Dispositis
526 1120 617 1183 extra
639 1139 722 1202 quae
744 1137 890 1204 congrua
912 1123 989 1185 sunt
1010 1119 1072 1184 sibr
1095 1120 1182 1202 visa,

331 1201 490 1267 Interiora
511 1202 561 1267 sui
584 1202 699 1268 statuit
720 1201 891 1287 disponere
913 1205 1056 1270 claustri.

328 1284 432 1352 Venit
453 1291 487 1352 et
508 1291 558 1353 est
579 1287 679 1372 epicis
702 1291 869 1373 susceptus
892 1291 929 1353 ut
951 1287 1087 1376 angelus
1109 1287 1251 1375 hymnis.

278 1371 476 1444 quemhra
497 1372 651 1438 salutavit
673 1377 783 1458 ceput,
806 1395 919 1439 omnes
940 1374 1130 1440 laetificarit

329 1455 379 1522 De
401 1479 436 1522 se
457 1455 651 1543 pendentes,
674 1459 816 1542 suscepit
837 1459 1067 1544 suscipientes,

331 1540 451 1608 Oscula
472 1542 601 1628 libavit,
625 1541 790 1608 doctrinae
813 1543 910 1608 melle
932 1543 1064 1609 cibavit.

332 1625 456 1693 Circuit
477 1626 638 1692 aediculas
661 1627 814 1694 fraternis
837 1627 948 1694 usibus
971 1631 1079 1713 aptas,

331 1710 366 1776 Si
388 1711 466 1795 quid
488 1711 680 1796 collapsum,
703 1713 731 1776 si
754 1711 830 1797 quid
854 1712 940 1778 foret
961 1711 1206 1778 aedificandum.

279 1825 319 1867 ses
333 1794 475 1862 Intravit
495 1818 646 1881 promum
668 1795 751 1862 nihil
774 1797 836 1862 hec
852 1797 921 1863 vice
936 1817 1085 1882 promere
1098 1800 1303 1883 promptum3

330 1880 386 1949 Nil
408 1882 536 1950 invenlt
557 1883 616 1968 ibi,
640 1883 760 1950 defecit
781 1883 876 1970 copia
897 1884 982 1969 sini,

329 1968 391 2036 Est
412 1974 524 2037 tamen
547 1969 683 2057 exiguus
705 1970 810 2057 liquor
832 1992 897 2038 uno
920 1993 997 2038 vase
1019 1975 1176 2058 repertus.

330 2057 471 2123 Immisit
491 2057 642 2124 baculum
664 2080 723 2144 pro
745 2060 980 2126 sustentamine
1002 2063 1128 2146 gestum

332 2143 463 2209 Auxilio
485 2143 579 2223 fisus,
603 2144 693 2210 cuius
715 2144 835 2211 virtute
862 2143 1024 2231 lecythus,

279 2261 318 2302 roo
331 2228 395 2295 Per
417 2250 513 2315 quem
535 2251 609 2315 spes
634 2230 746 2296 viduae
769 2236 881 2297 manet
902 2229 1016 2317 hydria
1042 2228 1141 2316 plena
1167 2229 1306 2314 farinas,

331 2314 383 2381 Ad
408 2315 499 2381 cuius
522 2319 637 2381 nutum
660 2337 796 2382 manans
818 2317 924 2382 oleum
946 2316 1036 2401 prius
1060 2316 1213 2381 haustum

330 2400 479 2466 Infusum
503 2401 620 2487 typicis
643 2401 716 2466 fluit
737 2401 778 2466 ad
800 2423 815 2467 s
840 2400 963 2467 iracule
985 2401 1089 2485 vasis,

330 2484 493 2551 Persolrit
514 2486 637 2552 meritis
659 2486 781 2551 illisaei
826 2487 913 2553 ebita
935 2488 1059 2552 matris.

329 2569 414 2637 Tota
435 2574 544 2637 mente
566 2592 680 2656 preces
703 2570 828 2636 divinas
851 2571 937 2638 fudit
960 2571 994 2636 in
1017 2592 1124 2651 aures,

277 2654 399 2730 mNec
422 2656 543 2723 frustra
565 2657 674 2743 petiit,
697 2679 774 2722 nam
796 2657 909 2723 bacchi
932 2657 1024 2742 potio
1046 2657 1163 2738 crevit,

330 2739 518 2826 Oenophori
541 2763 660 2808 vacuas
682 2741 833 2827 implerit
855 2743 992 2808 adaucta
1014 2763 1183 2824 cavernas,

329 2825 539 2893 Humectnrit
560 2826 709 2907 humum,
734 2829 888 2894 <lemnum
910 2849 979 2894 non
1001 2827 1115 2893 intulit
1137 2827 1250 2893 ullum.

329 2911 394 2979 Res
416 2912 528 2997 latuit,
551 2913 681 2998 penoris
705 2918 812 2979 custos
835 2914 941 2995 venit,
964 2913 1140 2993 reseravit,

329 2997 422 3064 Vidit
444 3003 477 3064 et
498 2999 683 3084 obstupuit,
707 2998 824 3066 clausit
844 2999 1026 3098 tacitusque
1048 2998 1197 3083 recessit3
1229 3077 1232 3086 ⁴

277 3118 316 3158 nc
331 3081 442 3149 Solum
465 3083 555 3149 solus
577 3084 660 3167 adit,
684 3084 808 3150 domini
830 3085 998 3170 magnalia
1019 3083 1142 3168 pandit.

328 3167 462 3233 Praesul
485 3172 572 3244 avet,
597 3171 706 3255 grates
728 3171 811 3255 egit,
835 3169 930 3234 offert
952 3171 1129 3248 crusmata,
1153 3167 1273 3235 laudes.

329 3251 459 3320 Senon
483 3253 624 3338 extollit,
647 3253 782 3319 memori
805 3253 861 3318 sed
883 3257 993 3319 mente
1016 3252 1169 3335 revolvit,

331 3336 422 3415 Quod
438 3339 687 3405 transformatus
699 3337 830 3404 Thabor
845 3361 941 3425 super
953 3338 1053 3404 ardua
1067 3336 1216 3405 Christus
1228 3344 1305 3401 tur
1336 3377 1357 3422 ο

329 3424 522 3510 Mysterium
544 3426 629 3491 tanti
651 3425 741 3491 visus
765 3424 870 3491 vetuit
891 3424 1064 3491 memorari

277 3514 417 3588 415Ante
439 3511 489 3578 sui
511 3533 673 3578 summum
695 3512 784 3577 victa
805 3511 845 3578 de
868 3510 973 3578 Morte
997 3509 1211 3596 triumphum.

328 3597 488 3684 Exemplo
513 3597 631 3664 celebri
653 3597 745 3665 iubet
766 3597 829 3664 hoc
851 3596 891 3664 de
914 3619 949 3664 se
971 3598 1111 3681 reticeri,

397 3775 448 3827 334
480 3770 616 3826 destinxit
649 3770 675 3827 Τ
758 3775 809 3826 333
844 3786 943 3826 ruseae
966 3772 1011 3824 tus
1046 3769 1071 3826 G
1124 3768 1218 3838 ymnis
1251 3769 1309 3825 GT

329 3845 379 3894 330
405 3838 554 3918 letificavit
580 3838 607 3893 Τ
690 3844 738 3895 331
767 3838 911 3917 susoaepit
938 3787 964 3894 ὃ
1050 3845 1101 3894 333
1127 3836 1254 3893 ediculas
1283 3837 1309 3892 T

328 3905 585 3962 modificandum
610 3907 636 3962 T
707 3912 757 3962 333
780 3906 892 3962 Inmisit
917 3907 943 3962 e
1022 3905 1159 3962 3331001]
1192 3922 1225 3960 us
1251 3905 1309 3961 GT

329 3981 378 4032 403
402 3974 519 4046 llclysei
539 3976 597 4032 GT
672 3981 723 4032 400
744 3975 880 4100 peciitG
915 3973 1000 4030 bachi
1017 3973 1147 4046 pooiet}
1255 3979 1306 4029 400

329 4045 492 4115 Aenophori
512 4047 538 4103 θ
555 4047 725 4116 Aenophora
824 4051 875 4101 tto
894 4045 1010 4102 adiitT
1064 4048 1113 4100 411
1134 4041 1232 4100 Presul
1251 4043 1310 4100 GT
