3674 4790
685 720 896 774 unianimo.
1256 721 1300 786 23

278 871 345 947 gari
372 870 471 931 minus
501 870 659 947 utebatur,
687 871 939 948 quemadmodum
963 869 1028 932 ἐπεί
1047 872 1209 951 illegitime
1232 892 1300 934 cum

276 969 411 1044 optativo
435 969 624 1030 coniunctum
648 969 729 1046 opud
753 988 822 1030 eum
845 988 906 1029 non
928 969 1057 1046 repperi.

344 1066 501 1128 Postremo
516 1067 620 1128 cutem
635 1067 767 1127 omnium
783 1067 819 1126 de
839 1072 1056 1144 argumento
1076 1070 1112 1128 et
1130 1069 1300 1144 personis

277 1164 449 1242 tragoediae
473 1165 577 1242 aliqua
600 1165 753 1226 disseram.
791 1165 828 1225 ln
851 1184 887 1227 ea
910 1167 1038 1226 nonita
1061 1169 1096 1226 ut
1115 1165 1146 1224 in
1164 1165 1244 1226 ludis
1264 1166 1301 1227 de

276 1264 424 1342 passione,
447 1264 499 1341 qui
521 1283 600 1325 nunc
624 1264 764 1340 eduntur,
788 1264 929 1326 Christus
951 1265 1070 1342 petiens
1095 1265 1209 1342 primas
1233 1287 1302 1345 per·

277 1365 323 1424 tos
347 1363 426 1441 agit,
454 1363 507 1424 sed
536 1366 634 1424 mater
664 1364 813 1427 doloroso.
860 1363 977 1426 (thorus
1007 1365 1127 1444 quidem
1151 1366 1301 1443 adpetet

277 1463 356 1542 quod
378 1462 467 1525 valde
489 1465 655 1526 notandum
679 1467 735 1544 eet,
759 1466 790 1525 in
810 1465 991 1527 semiohoros
1011 1466 1103 1526 etiam
1125 1467 1301 1544 secernitur,

278 1565 330 1623 sed
349 1563 484 1640 loquitur
502 1566 631 1642 tentum,
655 1584 715 1626 non
733 1565 828 1642 canit3
851 1567 962 1626 desunt
975 1565 1055 1626 enim
1069 1566 1185 1626 cantica
1198 1565 1303 1645 lyricis

278 1663 411 1723 numeris
436 1667 603 1739 exstructc3
637 1684 731 1741 quare
752 1665 804 1725 ille
829 1666 912 1724 caret
934 1665 1084 1739 dignitate
1107 1664 1192 1725 chori
1215 1664 1300 1724 labu-

277 1759 376 1818 larum
399 1764 543 1819 veterum.
590 1762 740 1821 Personae
764 1781 871 1837 parum
895 1764 1003 1837 agunt,
1027 1760 1153 1820 nimium
1177 1764 1303 1820 narrant

278 1861 310 1916 et
332 1857 490 1934 plangunt.
538 1858 700 1918 Praetereo
726 1857 886 1936 tragoedia
912 1859 972 1916 iam
1001 1857 1179 1918 eonomine
1203 1877 1303 1935 repre-

278 1955 373 2014 hensa
400 1957 459 2029 est,
487 1955 568 2033 quod
597 1956 691 2016 tridui
720 1957 851 2034 spatium
880 1955 993 2033 explet3
1026 1955 1133 2032 incipit
1160 1957 1240 2016 enim
1263 1955 1302 2016 ab

279 2052 387 2115 itinere
415 2055 454 2115 ad
484 2054 651 2134 Golgetha‚
680 2056 783 2116 finitur
811 2053 927 2114 Christi
954 2057 1024 2130 poet
1050 2054 1302 2115 resurrectionem

279 2152 310 2211 in
333 2153 454 2213 domum
477 2155 585 2216 matris
610 2156 703 2216 Marci
726 2154 866 2216 adventu,
910 2153 969 2214 Sed
992 2153 1158 2214 cavendum
1182 2155 1242 2230 est,
1265 2172 1303 2213 ne

279 2251 357 2311 libro
381 2241 583 2315 tam'recenti
606 2258 740 2332 tempore
764 2252 927 2329 composito
951 2251 1040 2312 nimis
1058 2252 1235 2314 Aristotelis
1258 2270 1305 2311 ro-

280 2350 384 2427 gulam
407 2351 607 2428 applicemus,
630 2372 698 2412 cum
720 2352 900 2429 praesertim
922 2354 1099 2427 reputemus
1123 2352 1248 2413 Latinos
1271 2354 1304 2412 et

279 2450 400 2508 nostroe
430 2447 467 2507 de
491 2448 605 2510 Christi
632 2451 773 2526 passione
799 2450 887 2510 ludos
915 2449 1036 2526 longius
1065 2449 1198 2526 epatium
1226 2469 1305 2510 com·

279 2545 379 2622 plecti.
416 2546 524 2624 Neque
547 2546 592 2608 ita
615 2548 702 2609 valde
726 2548 859 2625 offendit,
883 2548 963 2624 quod
987 2547 1088 2607 unitas
1112 2548 1169 2607 loci
1189 2547 1305 2608 deside-

281 2649 375 2708 ratur.
421 2646 520 2726 Magis
553 2649 703 2709 notandae
733 2652 805 2709 suunt
831 2668 894 2728 ras,
927 2648 1037 2727 quibus
1066 2648 1242 2709 adducimur
1271 2650 1305 2709 ut

282 2749 453 2808 statuamus
483 2746 560 2809 hano
594 2748 781 2828 tragoediam
818 2769 948 2811 scenae
981 2748 1123 2810 omnino
1151 2768 1220 2811 non
1249 2767 1305 2809 ao-

282 2847 541 2908 commodatem
565 2867 653 2910 esso.
689 2849 738 2907 Ad
762 2851 818 2910 hoc
841 2850 1079 2910 confirmandum
1101 2847 1195 2910 libros
1218 2850 1305 2910 vetu-

284 2946 393 3006 stiores
417 2947 547 3008 oonlero.
583 2947 718 3007 Primum
739 2948 860 3025 quidem
879 2948 1031 3009 Theodori
1049 2947 1208 3010 Prcdromi
1230 2950 1305 3008 tern-

283 3045 408 3120 poribus
432 3044 464 3105 in
486 3064 597 3124 magne
620 3047 801 3107 euictos-itate
825 3050 912 3107 erent
935 3049 967 3108 et
989 3047 1168 3125 Lycophron
1191 3049 1223 3107 et
1246 3046 1306 3106 Lu-

283 3141 394 3202 cienus.
431 3142 488 3202 Ille
511 3144 543 3202 in
566 3163 691 3205 numero
715 3145 981 3221 anagnosticorum
1004 3147 1060 3219 est,
1083 3145 1172 3204 huius
1191 3144 1306 3221 dialogi

283 3240 470 3301 dramatibus
494 3241 607 3302 similes
631 3245 711 3320 sunt,
735 3242 788 3303 sed
812 3241 932 3303 omnino
957 3259 1084 3301 oscena
1101 3239 1201 3318 alieni,
1225 3240 1306 3317 quod

283 3338 481 3416 perspicimus
504 3343 681 3415 reputantes
705 3340 736 3398 in
760 3338 897 3401 Chorene
925 3342 1042 3400 montes
1071 3339 1194 3415 congeri
1221 3341 1253 3399 et
1275 3338 1307 3397 in

285 3438 415 3516 dialogis
442 3439 568 3497 deorum
595 3437 781 3499 immortales
808 3458 863 3515 per
886 3447 958 3498 edre
980 3439 1119 3498 volentes
1142 3438 1307 3514 disputare.

285 3535 348 3596 Hos
377 3535 489 3595 imitati
516 3539 623 3613 postea
650 3537 739 3596 multi
765 3535 902 3615 dialogos
926 3554 1032 3597 scenae
1056 3556 1116 3597 non
1139 3535 1307 3596 destinatos

285 3635 481 3711 scripserunt,
496 3635 600 3711 quales
615 3637 687 3695 sunt
699 3634 812 3712 Ignatii
827 3636 1019 3714 grammatici
1033 3653 1139 3695 versus
1154 3633 1186 3694 in
1199 3633 1307 3710 Adam,

286 3733 317 3790 in
344 3732 455 3809 quibus
483 3735 515 3792 et
542 3733 631 3794 draco
659 3733 795 3810 loquitur
822 3737 854 3794 et
876 3733 1001 3793 humani
1023 3732 1144 3810 generis
1168 3733 1307 3791 auctores

285 3831 382 3889 nudos
406 3849 439 3889 ee
461 3847 528 3889 esee
552 3831 696 3906 latentur,
718 3830 850 3890 Plochiri
873 3829 1064 3906 drnmntinm,
1087 3829 1120 3888 in
1143 3828 1305 3888 cuiue122

286 3926 424 3987 versibus
443 3945 555 4004 magne
573 3945 770 4003 personarum
789 3946 899 4004 pompa
914 3930 970 4004 est,
989 3925 1139 3987 Theodori
1152 3924 1309 3984 Prodromi

288 4025 432 4088 Amicitia
459 4027 599 4102 exulans,
627 4046 664 4088 ne
692 4027 790 4087 dicam
817 4026 854 4088 de
878 4025 1012 4087 eiusdem
1035 4022 1310 4102 Cotomyomaohia.

289 4125 402 4190 Christi
415 4126 559 4205 patientie
574 4127 763 4207 tragoediam
777 4128 802 4188 si
817 4125 1036 4205 examinemus,
1049 4126 1181 4217 primum
1194 4123 1311 4183 multa
