3368 4792
409 639 432 704 4

475 795 607 859 Flamma
631 812 719 856 vorax
743 792 779 856 ad
804 794 881 856 celsa
905 792 1006 854 voians
1028 791 1185 856 obnubilat
1207 799 1286 854 astra

519 882 620 960 Longe
644 883 773 960 reposita
797 879 992 960 percutiendo
1016 879 1090 942 ioca.

498 967 606 1029 Forma
634 965 725 1046 itrtjus
754 965 824 1027 belii
846 975 878 1028 et
906 964 1040 1045 ejusdem
1069 963 1284 1033 bellicositas:
1313 965 1381 1045 quia

414 1061 533 1119 auctor,
559 1053 730 1132 postpositis
753 1051 892 1112 erunibus
914 1051 1078 1128 tigmentis,
1102 1068 1178 1130 quiae
1201 1047 1380 1128 permultum

413 1137 578 1218 depravant
599 1137 676 1197 itanc
699 1135 869 1203 historiam,
894 1136 1031 1196 ttaretom
1054 1138 1191 1213 sequitur
1213 1137 1265 1211 (pri
1289 1134 1382 1212 i'iarp-

413 1223 480 1300 gius
503 1230 568 1283 erat
590 1229 620 1282 ct
641 1219 775 1301 ejusdem
798 1217 867 1280 nettt
883 1220 1039 1300 princeps,
1064 1221 1114 1297 qui
1129 1221 1218 1281 etiam
1234 1219 1314 1279 idem
1330 1217 1382 1278 de-

413 1309 537 1387 scripsit
559 1304 706 1388 proeiium
729 1312 836 1368 teneus
857 1306 979 1367 omnino
1002 1306 1163 1376 veritatem,
1187 1305 1266 1366 trude
1290 1301 1383 1365 habes

413 1394 494 1456 circa
518 1393 606 1455 iiuem
630 1391 714 1454 iibri:

479 1479 515 1541 Et
537 1479 683 1560 Phrygius
706 1480 763 1540 init
783 1481 840 1541 iste
864 1478 954 1540 dares
976 1486 1006 1540 et
1029 1487 1163 1559 tempore
1187 1476 1256 1540 beiti

522 1565 588 1645 ipse
611 1565 731 1646 quidem
756 1563 842 1626 miles
864 1562 976 1647 proelia
1000 1565 1059 1626 risa
1083 1567 1186 1627 reiert.

505 1651 582 1713 Sunt
604 1659 703 1712 antem
727 1652 915 1712 narrationes
929 1651 1085 1729 impositae
1101 1651 1189 1712 modo
1204 1652 1384 1732 principum,

415 1738 504 1802 modo
527 1736 666 1808 miiitum,
689 1737 777 1798 modo
801 1739 981 1798 nunciorum
1005 1735 1048 1798 vei
1073 1741 1162 1797 etiam
1187 1736 1383 1812 traditorum:

416 1843 493 1904 quae
516 1840 566 1884 res
588 1841 604 1884 a
627 1823 751 1884 veritate
774 1840 833 1883 non
856 1821 1015 1903 discrepat,
1039 1823 1107 1902 quia
1131 1820 1295 1883 secundum
1312 1839 1383 1883 cau·

415 1927 478 1972 sam
501 1908 695 1969 recitationes
717 1906 837 1969 easdem
867 1916 919 1968 aut
941 1925 1007 1967 esse
1029 1907 1103 1968 tates
1125 1914 1177 1968 aut
1198 1908 1320 1967 omnino
1342 1910 1383 1967 si-

415 1991 502 2055 mites
535 1992 702 2073 oportebat.
747 1991 923 2070 'iunguntur
955 2011 989 2053 ea
1024 1995 1053 2053 iu
1089 1995 1178 2053 tertio
1207 1991 1286 2054 libro
1317 2001 1385 2073 prust

415 2097 545 2163 pugnarn
562 2079 729 2158 septimana,
752 2096 829 2159 qnae
849 2076 966 2140 durarit
981 2076 1083 2140 LXXX
1099 2076 1204 2140 ‹iicbus
1219 2081 1383 2140 continuis:

301 2181 305 2190 ·
416 2166 473 2229 sic:

480 2251 564 2316 lianc
586 2269 706 2333 quoque
728 2252 881 2314 materiam
905 2219 1043 2332 tigmenta
1067 2254 1183 2332 poetica
1206 2250 1327 2324 nebant,

523 2339 609 2401 Sicut
630 2336 771 2418 Virgilius
793 2356 875 2400 arma
899 2339 1055 2419 virumque
1077 2356 1201 2408 canens:

481 2424 540 2487 Sed
564 2425 686 2505 Phrygii
710 2431 791 2486 tenet
810 2424 965 2486 historiam
988 2423 1065 2485 iiber
1087 2425 1145 2486 iste
1168 2425 1292 2500 Daretis,

523 2507 580 2581 Oui
604 2516 723 2589 praeter
746 2527 848 2570 verum
871 2509 1110 2588 scriptitatione
1132 2508 1219 2570 nihii:

481 2594 568 2656 ilnnc
590 2611 700 2674 sequor
722 2593 865 2673 adjiciens
887 2594 1037 2656 interdum
1061 2593 1151 2656 verba
1174 2597 1306 2656 virorum

523 2676 580 2750 Oui
601 2678 647 2739 vei
670 2677 870 2759 loquebantur
892 2677 938 2741 rei
962 2686 1087 2758 potuere
1110 2679 1203 2760 ioqui.

481 2763 622 2834 Ponatur,
644 2763 723 2844 quod
748 2773 779 2824 et
800 2765 830 2825 iai
854 2781 913 2825 non
935 2765 998 2826 sint
1019 2782 1053 2824 ea
1076 2763 1167 2826 rerba
1189 2762 1293 2834 locuti,

524 2848 637 2909 Causae
658 2852 826 2927 praesentis
847 2856 918 2910 suut
939 2855 1038 2910 tamen
1061 2857 1129 2928 apta
1151 2851 1206 2910 rei.

502 2930 604 2994 Habes
618 2935 775 2996 materiam
792 2936 893 3014 operis
910 2941 939 2995 et
953 2934 1090 3000 formam.
1107 2934 1200 2997 Causa
1217 2942 1278 2996 est:
1296 2950 1387 3014 prave

416 3027 557 3081 strenuus
579 3037 595 3079 a
618 3037 672 3081 sua
695 3019 821 3082 stultitia
845 3038 1036 3100 compescere
1058 3029 1088 3082 ct
1112 3020 1203 3082 iortes
1225 3038 1309 3082 suam
1326 3021 1386 3082 ior·

417 3104 576 3166 titudinem
606 3122 665 3165 non
692 3106 722 3166 in
752 3123 896 3186 pomposa
923 3105 1073 3186 jactantia,
1102 3108 1182 3167 sicut
1213 3106 1244 3166 iri
1271 3107 1385 3177 miseri,

416 3189 470 3250 sed
497 3189 527 3250 in
557 3188 686 3252 virtuosa
709 3194 875 3252 constantia
903 3193 1002 3270 potius
1030 3208 1188 3262 exercere;
1222 3198 1256 3252 ut
1283 3191 1386 3262 lector,

417 3271 518 3336 habite
543 3274 789 3350 consideratione,
813 3283 916 3338 contra
946 3275 1057 3338 maium
1088 3277 1173 3338 istius
1203 3275 1273 3338 belii
1303 3277 1385 3357 prin-

418 3360 529 3439 cipium
552 3369 583 3422 et
605 3361 692 3442 pejus
713 3361 846 3423 medium
870 3369 899 3422 et
921 3364 1086 3442 pessimum
1114 3360 1179 3441 ejus
1206 3365 1319 3424 exitum
1343 3363 1388 3423 rei

417 3445 535 3508 discere
558 3446 675 3509 studeat
697 3455 727 3508 et
748 3447 867 3518 docere.
892 3457 925 3508 ut
947 3448 1004 3510 hoc
1027 3450 1234 3530 praemunitus
1251 3446 1387 3528 exemplo

419 3551 508 3596 tremo
531 3551 563 3596 se
586 3531 750 3597 dissimulet
773 3532 811 3597 ab
834 3532 921 3615 inrjus
943 3534 1121 3597 vanitatibus
1151 3545 1276 3598 tentare.
1322 3534 1387 3597 Non

418 3621 568 3684 desiderio
596 3621 770 3685 uotideaudi
799 3622 856 3684 iroc
889 3622 1000 3685 betium
1029 3622 1087 3685 talu
1122 3632 1226 3685 artetur
1253 3622 1387 3686 studium

418 3709 572 3780 assumsit,
596 3709 649 3772 scd
673 3711 768 3789 magis
789 3711 821 3772 in
845 3728 909 3772 rem
932 3718 1035 3772 contra
1059 3728 1156 3783 suam,
1180 3729 1274 3792 super
1296 3709 1387 3773 tuteia

417 3791 537 3866 talium,
573 3812 649 3875 quae
682 3797 799 3857 ratione
832 3795 904 3858 belii
933 3798 1134 3876 contigerant,
1162 3796 1321 3869 stabilirit;
1348 3799 1389 3859 ait

419 3879 499 3940 enim
525 3881 604 3958 ipsc:
635 3879 702 3952 „ias
729 3888 776 3943 est
798 3889 829 3942 et
851 3880 887 3944 ab
909 3879 996 3943 hoste
1018 3881 1143 3944 doceri‘
1173 3890 1202 3944 et
1228 3881 1283 3943 irco
1308 3883 1389 3944 circa

419 3963 508 4025 tinem
532 3960 602 4024 iibri
626 3967 765 4044 tangitur,
788 3964 840 4027 ubi
863 3967 951 4028 dicit:
