3426 4786
353 695 367 718 ⁶
437 747 528 805 VITA
547 746 799 806 wruufflrorvnr
817 748 990 812 Marmor.
1025 749 1094 807 ΜΒ.
1112 751 1148 807 11.
1234 753 1277 822 35

304 901 463 969 Esthuic
484 906 518 969 et
539 902 649 969 multis
672 909 847 991 generatus
869 926 968 972 causa
989 906 1122 990 selutis;

305 985 394 1054 Mors
416 992 449 1055 et
471 988 551 1066 vita,
576 989 663 1054 salua
685 992 718 1054 et
739 989 895 1076 languor,
917 992 1041 1076 gratia,
1065 991 1168 1057 virtus

253 1070 355 1138 ceux
377 1076 459 1139 nutu
482 1072 605 1139 domiui
627 1076 744 1157 parent
766 1075 834 1140 eius
857 1075 988 1141 dicioni.

344 1155 416 1224 XX.
450 1157 598 1224 'treveris
624 1161 674 1224 est
698 1160 816 1245 ingens
843 1159 1072 1310 nrbshGallica
1098 1181 1201 1248 regna
1228 1184 1282 1229 co·

939 1267 1051 1312 ercena

303 1325 429 1394 Victrix
451 1328 587 1409 militia,
611 1328 822 1414 dominatrix,
847 1330 949 1396 altera
971 1293 1091 1417 Romi,

302 1411 411 1479 Plebis
433 1414 528 1497 scita,
552 1418 661 1500 patres
684 1415 783 1482 habet
804 1437 842 1482 ac
863 1414 936 1482 fora
957 1416 1107 1504 iuraque,
1131 1418 1236 1505 leges,

302 1497 364 1564 Est
386 1504 483 1586 caput
505 1499 673 1586 Europae,
702 1504 799 1585 caput
821 1504 871 1566 est
891 1522 974 1587 quae
996 1503 1278 1590 cosmographiae,

250 1581 449 1650 callenicus
470 1585 613 1671 antiquis
635 1585 802 1671 antiquior
824 1590 874 1652 eet
894 1587 1115 1654 monimentis.
1194 1596 1213 1653 l.
1230 1601 1279 1652 re*

303 1667 387 1735 Nam
410 1670 498 1736 velut
519 1692 557 1737 ex
580 1671 692 1737 tumba
713 1675 870 1756 promunt
883 1672 1119 1822 eqigrammata
1133 1679 1276 1760 sumpta,

310 1753 496 1821 Semiramis
516 1755 606 1822 Nino
628 1760 790 1841 regnante
813 1778 911 1842 super
933 1780 953 1823 a
974 1759 1091 1824 marito

308 1837 383 1904 Non
406 1839 447 1904 ab
469 1861 507 1906 eo
530 1840 625 1907 dictis
649 1844 803 1906 contenta
823 1842 891 1907 suis
913 1841 1071 1908 Ninivitis

258 1945 259 1948 ’
306 1923 461 1990 Extruxit
483 1925 566 1992 cocti
589 1926 700 1991 lateris
722 1948 851 1991 murum
874 1925 1069 2012 Babylonis,

252 2026 296 2066 ⁶³⁰
309 2009 394 2075 ans
416 2013 531 2098 gentes
555 2011 640 2077 bello
662 2011 723 2077 sibi
747 2011 891 2078 subdidit
912 2035 1042 2097 omnes,

305 2093 432 2161 Fraude
454 2097 618 2163 novercali
639 2097 803 2182 privatum
826 2097 967 2164 culmine
989 2098 1084 2185 regni

306 2180 499 2268 Privignum
522 2182 631 2268 patria
652 2183 790 2249 detrusit
811 2186 844 2249 et
865 2183 946 2249 urbe
968 2188 1112 2268 paterna.

307 2265 372 2332 Hic
394 2289 454 2352 per
476 2271 525 2333 tot
547 2272 677 2355 gentes,
700 2289 759 2354 per
780 2271 830 2333 tot
851 2269 996 2368 migrans
1019 2269 1169 2353 regiones

308 2352 474 2419 Piscosum
498 2354 631 2419 tandem
653 2352 809 2419 Mosellae
832 2353 981 2419 venitin
1003 2375 1133 2419 amnem

253 2456 293 2496 sss
308 2436 507 2589 {isptavitque
529 2439 633 2504 solum
657 2437 833 2538 condendis
855 2439 1023 2538 moenibua
1047 2442 1175 2540 aptum,

341 2524 431 2590 rbem
454 2524 653 2610 praeclaram
676 2526 807 2602 statuit,
831 2546 890 2590 sua
911 2545 1042 2590 moenia
1066 2525 1155 2591 vrdrt.

310 2607 445 2676 'Probita
468 2633 585 2677 nomen
609 2611 656 2677 ei:
680 2611 737 2677 det
757 2632 876 2677 nomen
899 2609 1049 2677 Treberia
1072 2610 1161 2698 urbi,

309 2697 419 2764 Armis
440 2697 596 2764 finitimos
619 2698 744 2764 domuit
766 2697 928 2786 longeque
950 2702 1107 2783 remotos,

309 2781 424 2851 Exulis
448 2785 482 2852 in
505 2784 588 2852 solio
612 2786 763 2873 regnavit
784 2785 871 2852 filias
893 2784 991 2854 Hero.

257 2893 297 2936 erc
310 2869 373 2938 Hic
395 2871 508 2938 mundi
530 2871 682 2940 dominae
705 2871 819 2938 domus
842 2876 892 2939 est
913 2874 1062 2938 extructa
1083 2871 1218 2954 Mariae,

305 2956 465 3025 lnoolitur
486 2960 584 3025 castis
607 2959 758 3025 cosmetis
780 2959 830 3024 vir
856 2959 864 2972 ⁰
892 2958 989 3025 'tatia

305 3041 418 3110 Saevit
439 3043 485 3109 ibi
508 3043 608 3110 validi
630 3048 807 3130 tempestas
853 3045 961 3110 orrida
982 3043 1103 3126 morbi,

303 3127 363 3193 Vir
389 3128 455 3195 'nei
478 3129 573 3194 flores
595 3129 807 3195 immutavere
830 3129 971 3210 colores,

306 3212 367 3278 Pal
380 3212 431 3279 uit
453 3235 602 3280 arescens
625 3235 715 3297 rosa,
738 3213 869 3279 fuscant
890 3212 961 3278 lilia
982 3215 1101 3297 sentes,

251 3319 292 3359 ses
305 3296 482 3384 Languent
499 3297 638 3363 ancillae
657 3297 782 3364 domini
803 3297 910 3363 forma
931 3297 1112 3381 speciosae.

306 3380 353 3449 Ut
374 3404 431 3448 rex
454 3383 605 3449 interitus
628 3381 757 3448 calcans
780 3401 896 3468 aegros
919 3402 1015 3468 super
1037 3383 1126 3446 artus

305 3464 468 3544 Quasdam
490 3469 613 3552 linivit,
636 3468 778 3554 reliquas
800 3467 861 3533 aab
884 3469 987 3532 morte
1010 3465 1155 3565 reliquit,

304 3552 382 3620 Non
414 3557 525 3621 tantae
547 3555 663 3641 plagae
685 3554 843 3620 succurrit
864 3575 946 3639 opus
969 3551 1163 3633 medicinae,

310 3637 433 3706 Luctus
454 3639 575 3724 ubique
599 3642 710 3721 sonat,
733 3637 895 3725 singultus
917 3641 1051 3723 pectora
1073 3636 1191 3721 pulsat

302 3881 353 3932 se
370 3807 602 3956 diffide
629 3805 1283 3956 “tterltutlaltt⁰⁸¹¹⁰e⁸e²llt2ut

305 3975 335 3984 -
355 3943 499 4000 Babilcurs
519 3943 577 3999 GT
651 3949 702 4000 535
723 3943 917 4000 maenibusG
996 3947 1045 3998 535
1069 3939 1228 4011 preclaram
1246 3971 1280 3983 —

303 4013 465 4072 macnicG
541 4021 592 4072 533
610 4012 765 4070 Exsulisl'
801 4011 868 4070 solia
893 4013 919 4069 T
991 4017 1042 4069 540
1060 4010 1205 4068 exstructa
1223 4011 1282 4069 Gl'

302 4092 353 4143 543
371 4083 495 4143 SevitT
564 4092 614 4143 543
631 4082 853 4140 inmutavereG
922 4088 972 4139 545
992 4081 1123 4153 egrosG

1074 4168 1110 4224 3*
