3372 4788
431 681 497 748 200

433 838 511 900 ilum
536 837 616 899 ridet
630 837 711 900 hunc
726 855 841 908 sunum
865 837 936 899 dum
952 838 1058 906 rivum.
1082 836 1215 914 dumque
1233 835 1388 899 decentem

476 921 622 992 Extrahit,
645 922 806 1002 adspectat,
831 922 932 992 nutrit,
955 921 1086 1002 adoptat,
1109 920 1211 983 itabat.
1369 929 1403 980 50

434 1006 492 1081 Qut
515 1005 645 1090 pastorio
666 1026 738 1071 ores
757 1012 858 1087 prator
880 1006 950 1070 dnm
973 1008 1069 1088 pascit
1090 1006 1224 1069 adultus:

477 1093 663 1156 Conveniunt
684 1093 721 1156 ad
743 1111 811 1156 enrn
835 1093 924 1166 luno,
947 1091 1086 1162 Minerva,
1111 1092 1219 1154 Venno.

436 1178 582 1240 iudicium
607 1178 724 1240 Paridis
746 1195 823 1260 quae
845 1175 884 1238 ait
906 1175 1108 1258 pulcherrima
1130 1184 1288 1258 quaerunt,

479 1263 661 1326 Promittnnt
682 1264 773 1325 etiarn
797 1280 920 1324 munere
943 1278 1079 1343 quaeque
1102 1279 1164 1323 sua.

436 1349 516 1412 June
539 1345 647 1416 decus:
671 1346 768 1412 l‘aiiue
790 1349 882 1419 vinem
907 1345 1051 1429 Cytherea
1075 1347 1217 1430 puellam:
1368 1354 1402 1405 55

480 1433 538 1497 Sed
561 1435 669 1498 Veneri
693 1434 800 1498 tribuit
820 1437 952 1506 vincere,
976 1437 1071 1496 515505
1092 1453 1137 1497 55.

436 1521 499 1586 ilex
521 1520 681 1604 aliquando
704 1520 808 1585 uidene
829 1522 909 1584 irunc
932 1519 1031 1590 talem.
1056 1529 1115 1584 tant
1137 1521 1316 1602 speciosum,

338 1677 340 1683 ,
399 1684 402 1688 ,
480 1608 554 1672 Tam
577 1627 698 1690 quoquo
720 1605 916 1680 consimliem‚
941 1609 1074 1690 concipit
1096 1627 1162 1670 5555
1182 1624 1281 1668 suum.

437 1694 572 1775 itemque
594 1695 726 1774 probans
749 1712 848 1756 reram
871 1712 926 1775 per
947 1711 1050 1755 aereos
1073 1712 1142 1755 vera
1164 1693 1293 1755 latentes

481 1779 639 1841 Germanis
660 1779 797 1842 Paridem
821 1779 921 1842 reddit
941 1777 1056 1841 honore
1079 1797 1191 1859 parem.
1375 1786 1409 1834 4ο

441 1865 554 1926 [luctus
576 1882 679 1926 amora
701 1873 795 1944 pater,
819 1862 864 1926 vel
887 1864 990 1925 matria
1012 1864 1126 1924 somnia
1149 1862 1231 1925 ducit

483 1947 572 2016 Vana,
597 1946 641 2009 rel
664 1949 695 2008 in
720 1945 824 2009 mellus
847 1956 964 2009 vertere
986 1965 1053 2008 vera
1077 1947 1187 2009 studet.

439 2031 489 2092 Sic
510 2048 610 2111 neque
633 2030 801 2102 eonsilium,
826 2048 923 2112 neque
945 2048 1004 2103 res,
1029 2049 1125 2113 neque
1148 2035 1230 2112 regia
1254 2031 1358 2100 virtus,

483 2115 543 2179 Nec
566 2120 678 2197 superi,
703 2135 758 2179 neo
781 2116 880 2187 itomo.
904 2125 1021 2179 vertero
1046 2117 1103 2179 luta
1128 2118 1234 2184 551555.

440 2202 499 2266 Sed
523 2201 640 2265 laudata
663 2203 761 2266 Venus
783 2202 900 2285 cuipam
923 2221 979 2286 pro
1003 2202 1090 2265 laude
1113 2205 1298 2285 rependens:
1377 2209 1411 2261 to

485 2287 569 2351 ilnnc
592 2297 702 2360 monet,
726 2289 806 2352 hune
828 2291 919 2370 angit,
943 2289 1024 2352 lrrrnc
1046 2300 1159 2353 cremat
1181 2292 1251 2372 igne
1273 2305 1360 2356 noro.

441 2373 538 2447 Ouidi
561 2373 645 2438 Peri!
667 2375 737 2456 qutid
761 2381 858 2438 ntutas
881 2377 994 2457 punitor·
1015 2395 1083 2439 cum
1106 2373 1374 2440 cordacoiorentl

483 2460 535 2522 Sic
558 2468 625 2531 atat,
648 2462 693 2522 515
716 2461 856 2541 loquitur,
880 2463 924 2522 515
947 2461 1107 2524 meditatur
1129 2480 1241 2524 amans.

440 2545 483 2605 'le
508 2543 631 2606 Veneris
653 2547 799 2626 promissa
823 2553 952 2616 morant,
976 2545 1167 2624 lielenaeque
1190 2553 1338 2615 venustas,

484 2627 579 2701 Quam
602 2646 658 2709 pro
681 2628 769 2692 laude
792 2630 846 2692 tibi
868 2630 920 2691 sed
944 2632 1009 2691 sine
1032 2628 1118 2692 lande
1141 2630 1235 2694 dabit.
1377 2639 1411 2688 50

441 2677 485 2776 'fle
508 2717 600 2776 morit
621 2724 651 2778 et
673 2716 789 2795 species
812 2723 839 2776 et
863 2734 936 2797 aper
961 2722 992 2777 et
1013 2717 1144 2795 sanguis,
1168 2726 1198 2778 et
1220 2724 1310 2785 aetas,

485 2799 546 2862 Nec
570 2809 677 2872 moret,
700 2801 791 2864 immo
813 2801 900 2881 ligem
925 2819 979 2862 nec
1001 2801 1083 2880 ligat,
1107 2805 1198 2864 immo
1222 2800 1323 2865 trahit.

441 2885 525 2948 ilenc
546 2881 649 2966 cupis,
672 2887 748 2949 hano
770 2887 872 2958 ardes,
896 2889 972 2950 itanc
995 2905 1119 2967 prorsus
1140 2890 1260 2969 quaeris
1281 2885 1411 2955 habere:

484 2971 578 3044 Onam
602 2972 659 3044 lex,
683 2992 770 3056 quarn
793 2973 897 3044 Danai,
921 2991 1010 3054 ‹puam
1033 2973 1087 3037 nti
1111 2975 1169 3036 lata
1193 2982 1312 3054 negant.

443 3057 504 3120 Cur
526 3057 685 3139 conjuncta
709 3061 774 3122 viro
797 3058 925 3122 mulieri
947 3077 1002 3121 cur
1025 3061 1104 3140 regia
1128 3059 1255 3142 conjuxl
1378 3067 1412 3118 55

487 3144 546 3207 Cur
568 3147 671 3224 ignota
695 3146 770 3208 55151
793 3165 847 3209 cur
869 3145 923 3208 tibl
947 3145 1059 3208 Graeca
1082 3145 1196 3226 piaccti

443 3231 502 3292 Cnr
524 3247 585 3291 non
607 3239 690 3311 grato
715 3231 769 3294 tibi
792 3233 891 3312 potius
914 3232 1106 3311 virgunculal
1129 3250 1183 3294 cur
1206 3249 1265 3293 non

486 3315 552 3396 lpse
575 3315 682 3390 Venus,
707 3334 783 3397 quae
806 3326 834 3385 tc
853 3315 955 3398 judice
977 3315 1098 3397 pulchre
1122 3316 1198 3379 initi

444 3401 503 3462 Cur
524 3402 569 3463 515
590 3399 755 3481 degeneras
777 3409 857 3466 totus
879 3389 1039 3481 generatus
1060 3403 1090 3464 in
1113 3401 1223 3464 armiai

488 3483 531 3544 ile
551 3485 596 3545 515
617 3482 797 3565 degenerem
820 3487 959 3548 Hectoris
982 3496 1045 3547 eato
1068 3503 1214 3568 mernor.⁸
1380 3496 1415 3546 00

445 3569 550 3631 Nonne
574 3571 665 3633 rniaer
687 3581 809 3650 reputas
832 3569 1020 3634 miserabile?
1044 3588 1144 3632 nonne
1166 3568 1326 3653 pudorem:

487 3652 528 3714 To
551 3653 646 3716 aolnrn
670 3653 802 3727 Veneris,
826 3655 954 3718 Palladis
977 3674 1042 3718 esse
1065 3656 1153 3718 tuoei
1244 3714 1254 3723 .
1314 3665 1319 3676 ’

445 3737 537 3799 Cedat
560 3739 657 3801 moliie
679 3759 762 3803 amor
785 3745 899 3820 patriae
922 3743 1038 3802 virtutis
1060 3759 1170 3806 amore.

488 3823 667 3885 ilectoreunt
692 3825 813 3886 fratrem
832 3843 896 3887 non
920 3828 977 3887 nisi
1001 3826 1057 3886 trie
1080 3826 1196 3888 decent.

445 3906 525 3984 Ergo
548 3925 677 3989 sequens
699 3911 815 3971 animoa
838 3911 965 3981 animosi
989 3910 1090 3970 lratris
1113 3921 1142 3971 et
1163 3928 1258 3971 orma:
1382 3921 1415 3970 05

494 3991 578 4064 Quod
602 3995 687 4072 cupit
708 3991 777 4056 iilud
802 4012 877 4065 ama,
900 3994 980 4075 quod
1004 3996 1075 4056 15515
1098 3993 1168 4054 iliud
1192 4012 1256 4074 nge.
