3674 4790
745 725 957 780 omassum.
1217 790 1221 800 ‚
1323 726 1365 792 19

477 875 522 937 At
543 869 571 938 δ’
593 869 801 957 ἀποβαλοῦσαι
824 870 958 958 θαλερὸν
981 870 1122 958 ὀμμάτων
1145 873 1245 941 ὕπνον

344 974 414 1039 chr.
437 979 498 1054 pat.
522 997 549 1039 v.
570 979 670 1039 2007:

399 1141 403 1147 ,
476 1069 547 1136 Αἵδ’
564 1069 770 1156 ἀποβαλοῦσαι
792 1069 845 1139 τὸν
868 1069 967 1137 ὕπνον
990 1068 1137 1155 ὀμμάτων.

342 1175 392 1237 115
418 1177 532 1237 fautum
560 1177 620 1254 est,
653 1178 690 1236 ut
716 1196 775 1237 non
804 1178 872 1254 plus
902 1196 993 1254 quam
1024 1179 1091 1238 octo
1121 1177 1259 1239 versibus
1291 1177 1366 1253 626,

344 1277 439 1353 1165,
464 1277 560 1350 1437,
582 1277 676 1352 1450,
698 1277 906 1355 1570,1674,
927 1278 1025 1354 2219,
1047 1279 1145 1354 2029,
1170 1276 1222 1355 qui
1245 1276 1367 1356 quidam

342 1395 377 1436 err
391 1375 535 1453 Euripide
559 1376 707 1455 originem
726 1377 884 1453 duxerunt,
908 1376 1000 1454 pedes
1019 1377 1172 1455 trisyllabi
1191 1376 1364 1439 continean-

342 1477 401 1536 tur.
438 1475 521 1536 Haeo
544 1494 664 1553 quoque
687 1476 766 1537 ratio
790 1474 916 1553 Georgii
929 1474 1051 1536 Pisidae
1075 1476 1261 1552 temporibus
1285 1496 1367 1538 exsr-

342 1572 402 1633 oeri
417 1575 524 1648 coepta
538 1576 592 1648 ast,
609 1573 674 1632 sola
687 1573 788 1651 viguit
801 1572 921 1634 saeoulo
936 1574 987 1634 XI.
1013 1573 1046 1634 Si
1065 1593 1162 1652 voees,
1182 1593 1259 1652 quae
1278 1575 1365 1636 binos

342 1671 392 1730 vel
420 1673 521 1731 ternum
549 1670 706 1731 continuas
734 1671 842 1733 breves
866 1671 1002 1748 syllabas
1026 1672 1153 1751 habent,
1184 1672 1283 1733 vitare
1306 1692 1367 1734 non

342 1767 497 1839 poterant,
531 1767 667 1843 singulae
696 1767 745 1824 vel
774 1767 861 1826 binas
884 1768 1004 1827 voosles
1028 1768 1194 1843 producere
1218 1769 1367 1842 solebant,

341 1862 426 1921 velut
439 1854 559 1922 Κλεόπα
573 1853 666 1943 (.e.)
691 1862 721 1920 iu
741 1860 810 1922 Chr.
830 1883 858 1939 p.
878 1866 1013 1944 vatus,
1036 1865 1200 1945 φιλοσοφία
1224 1859 1238 1948 (
1238 1883 1348 1912 -----
1350 1857 1364 1948 )

340 1959 373 2019 in
396 1960 546 2023 Theodori
571 1960 742 2023 Itbodantb.
767 1965 798 2023 et
821 1962 930 2025 Dosiel.
950 1963 997 2041 ΙΙ,
1012 1965 1086 2026 434.
1120 1964 1209 2025 Tales
1232 1962 1367 2025 nomina·

342 2059 455 2121 bantur
477 2062 679 2124 technioae.

410 2162 488 2222 Tum
516 2161 681 2241 Gregorius
714 2163 827 2224 multos
859 2163 984 2226 hiatus
1016 2163 1152 2239 admisit,
1183 2164 1216 2226 in
1244 2165 1366 2227 Christo

341 2261 471 2337 patienti
490 2262 622 2339 exeeptis
640 2261 678 2322 iis
696 2261 784 2339 loeis,
802 2262 835 2322 in
854 2263 965 2340 quibus
984 2264 1245 2326 interiectionibus
1263 2265 1366 2325 bintus

343 2361 485 2440 efflatur,
513 2360 566 2421 ubi
589 2381 627 2422 ne
650 2363 768 2423 veteres
792 2361 914 2438 quidem
938 2362 976 2422 ab
1000 2363 1058 2423 bae
1080 2361 1203 2423 lieentia
1225 2362 1368 2424 abhores

342 2459 425 2537 bant,
447 2459 534 2522 velut
555 2479 604 2521 vv.
622 2462 694 2538 136,
710 2463 784 2536 617,
809 2478 926 2521 summo
949 2461 1109 2539 diligentia
1132 2479 1293 2522 concursus
1316 2481 1367 2522 vo-

343 2557 451 2617 ealium
480 2557 567 2618 vitati
591 2559 675 2633 sunt,
709 2557 784 2618 adeo
812 2561 848 2618 ut
871 2579 948 2620 unns
972 2578 1080 2620 versus
1106 2561 1191 2620 1808
1215 2559 1366 2621 notandus

342 2656 390 2718 sit.
441 2656 527 2717 Hane
551 2676 669 2735 quoque
697 2657 796 2735 legem
820 2657 855 2738 ii,
884 2658 936 2736 qui
959 2663 1028 2737 post
1050 2659 1102 2719 IX.
1126 2659 1280 2720 saeculum
1304 2659 1367 2719 fus·

342 2759 426 2836 runt,
459 2757 490 2817 in
518 2757 666 2818 trimetris
695 2757 799 2818 stricte
833 2761 1009 2834 tenuerunt,
1043 2763 1148 2820 eontra
1175 2759 1205 2819 in
1235 2758 1367 2837 politicis

342 2855 480 2919 rensibus
503 2857 711 2934 neglexerunt.

411 2955 631 3018 Trimetrorum
659 2956 788 3034 denique
815 2956 895 3033 apud
918 2957 1102 3036 Byzantinos
1126 2957 1276 3018 laetorum
1299 2977 1367 3034 pro·

342 3055 442 3132 prium
461 3058 516 3132 551,
535 3061 571 3114 ut
588 3055 819 3130 paenultima
842 3055 990 3132 syllaba
1012 3059 1199 3118 noeentum
1223 3056 1366 3117 habeat.

342 3144 403 3235 (01.
418 3153 554 3213 Hansen:
578 3153 637 3213 Ein
660 3152 890 3214 musilralisohes
909 3151 1127 3230 Aooentgesetz
1149 3153 1181 3212 in
1200 3153 1254 3213 der
1273 3171 1366 3229 quan·

341 3250 523 3310 titierenden
550 3250 658 3310 Possis
686 3250 740 3310 der
768 3249 925 3311 Grieeben.
966 3251 1061 3310 Rben.
1089 3249 1167 3310 Mus.
1194 3249 1232 3309 N.
1258 3249 1287 3308 S.
1313 3251 1365 3326 38,

342 3367 409 3426 pag.
422 3351 483 3410 222
496 3339 576 3430 sqq.)
613 3348 650 3407 In
665 3347 804 3425 Gregorii
822 3347 961 3408 versibus
980 3347 1057 3408 nihil
1075 3349 1153 3409 hane
1170 3349 1270 3426 legem
1294 3347 1366 3425 olet,
1465 3363 1467 3366 ·

343 3466 420 3526 quae
448 3466 467 3507 a
494 3446 614 3526 Georgii
643 3446 762 3508 Pisidae
791 3447 893 3506 aetate
924 3446 1087 3525 paullatim
1119 3448 1277 3524 assumpto
1304 3445 1366 3505 iam

342 3546 395 3607 XI.
419 3549 451 3607 et
472 3546 540 3607 XII.
569 3547 689 3609 saeculo
718 3545 837 3606 omnino
865 3546 970 3606 valuit.
1021 3545 1058 3605 ln
1087 3544 1208 3606 Gbristo
1237 3543 1364 3620 patient'

342 3645 503 3723 aliquoties
518 3647 639 3725 quidem
654 3647 792 3724 neglecte
806 3647 861 3719 est,
880 3644 1018 3722 inprimis
1040 3645 1072 3703 in
1084 3642 1223 3706 versibus
1244 3643 1366 3704 aliunde

343 3744 524 3824 desumptis,
552 3747 606 3808 sed
629 3749 731 3807 lamen
755 3747 802 3806 est
824 3743 877 3804 ubi
900 3741 990 3804 buius
1015 3744 1140 3822 regulae
1163 3760 1255 3803 eausa
1277 3759 1366 3803 voees

342 3849 478 3907 mutatae
497 3846 572 3922 sint,
595 3846 680 3906 velut
699 3842 797 3905 Orest.
810 3845 887 3905 13οε
906 3837 1008 3928 ἡσύχῳ
1028 3841 1115 3920 ποδί,
1139 3841 1208 3902 Chr.
1223 3862 1251 3918 p.
1265 3843 1365 3902 1613:

341 3937 442 4030 ἡσύχῳ
471 3939 564 4026 βάσει.
615 3943 701 4017 Quod
730 3943 756 4005 si
783 3944 965 4024 Doeriugius
994 3943 1179 4021 reputasset,
1212 3960 1270 4003 non
1299 3939 1366 4002 voci

344 4042 436 4129 λέγεις
454 4046 485 4108 in
505 4045 574 4109 Chr.
589 4067 619 4125 p.
637 4067 665 4108 v.
683 4048 766 4108 1931
793 4044 854 4107 rim
878 4043 980 4106 varius
1000 4043 1138 4106 lectionis
1156 4045 1259 4105 textus
1279 4041 1367 4102 Iluri·

343 4147 424 4225 pidei
448 4151 570 4229 φρονιῖς
593 4146 624 4207 in
643 4146 734 4209 Rhea.
752 4166 779 4208 s.
797 4146 858 4207 147
881 4142 1046 4206 tribuisset.
1071 4135 1195 4227 (Philol.
1211 4144 1263 4220 23,
1275 4132 1366 4222 586.)

1167 4249 1182 4298 2
1189 4245 1204 4278 ἓ
