3368 4792
738 841 891 898 Praelatio.
960 895 961 899 ,

374 995 412 1056 tn
434 995 520 1064 bene,
543 997 567 1056 si
592 996 722 1065 trieruini,
747 995 789 1056 ias
812 1004 857 1057 est
880 994 917 1056 ab
940 995 1026 1057 hoste
1050 994 1149 1058 doceri

417 1080 624 1160 virtutumque
647 1080 757 1142 Satban
782 1079 909 1142 fabricat
931 1097 1013 1142 arma
1037 1079 1099 1142 tibi.

375 1163 435 1225 Nos
457 1164 493 1226 ad
516 1173 685 1246 serpentes,
709 1166 852 1227 formicas
875 1163 1075 1243 bestiolasqne

417 1249 453 1310 Et
474 1267 558 1312 secra
582 1257 725 1329 pennatas
747 1251 854 1331 pagina
878 1251 970 1314 mittit
991 1269 1070 1321 ores,

374 1335 412 1396 lit
433 1333 507 1396 mibi
530 1333 588 1398 lob
611 1333 753 1416 loquitur,
778 1338 847 1415 qnin
871 1355 919 1398 me
940 1336 1073 1418 jumenta
1097 1334 1257 1410 docebunt,

417 1420 453 1483 lit
475 1419 547 1484 ttibil
570 1421 716 1502 estquod
741 1442 800 1485 uun
823 1424 918 1505 prosit
941 1430 971 1486 et
993 1421 1072 1484 obsit
1093 1422 1182 1485 idem.

373 1507 428 1570 llic
451 1516 538 1571 sonat
560 1509 679 1576 invidie.
704 1505 788 1577 livor.
813 1510 1000 1590 truculentia,
1024 1511 1127 1587 laetus,

416 1593 558 1663 Ambitio.
582 1610 702 1662 rancor.
727 1598 783 1672 ira,
807 1594 908 1662 libido,
932 1593 1027 1656 dolus.

375 1677 563 1740 Postremum
587 1697 658 1740 vero
679 1678 788 1758 Trojae
810 1679 982 1742 miseranda
1005 1681 1090 1740 ruina

418 1760 610 1823 lniormativa
633 1762 751 1840 singula
775 1782 847 1824 rece
869 1773 970 1824 sonat:

375 1844 414 1908 Ut
436 1847 531 1908 malus
554 1845 688 1916 obsistat.
709 1846 870 1928 justusque
893 1849 1022 1917 resistat,
1046 1845 1162 1915 habeto,

417 1930 475 1993 Sed
499 1932 566 2014 qnia
590 1932 763 1994 clauserunt
786 1931 860 1995 baec
883 1930 959 1995 malo
983 1932 1048 1994 sine
1072 1931 1186 1994 malo·

375 2016 460 2089 Otrod
485 2018 584 2080 brevis
607 2027 652 2080 est
674 2019 762 2100 risus,
785 2018 865 2100 quod
888 2017 1036 2100 longaque
1058 2018 1182 2081 lacrima
1199 2019 1302 2082 mnndi

417 2103 572 2176 Onoudarn
596 2104 686 2185 Troja
710 2115 817 2186 petens
839 2106 1002 2168 incinerato
1025 2105 1121 2169 docet.

375 2191 440 2252 lam
463 2193 582 2254 firmum
606 2191 678 2253 nibil
703 2201 757 2265 est,
781 2195 830 2254 cui
854 2211 912 2254 neu
937 2201 1034 2255 metus
1057 2211 1124 2254 esse
1147 2195 1253 2256 ruinae

418 2276 515 2338 Possit
537 2283 567 2338 et
589 2277 646 2340 boc
668 2276 783 2349 sublim
807 2295 971 2359 persequor
995 2296 1067 2356 ergo
1089 2279 1181 2340 cito“.

334 2359 548 2440 Cur'elegiaeo
572 2379 659 2442 quant
683 2361 805 2424 heroico
828 2369 925 2424 metro
942 2363 1080 2424 maluerit
1095 2379 1214 2424 carmen
1231 2381 1304 2425 eon·

334 2445 415 2514 dere,
439 2453 543 2507 auctor
565 2447 647 2508 bisce
670 2446 771 2526 prodit
791 2447 938 2526 prooemii
962 2446 1098 2508 versibus
1122 2445 1161 2509 18
1178 2464 1260 2526 sqq:

379 2529 460 2600 „lies
482 2537 583 2610 gestae
605 2549 771 2612 regumque
794 2531 962 2612 utrcumque
986 2532 1095 2592 leroeia
1119 2532 1196 2592 lacta

376 2613 440 2686 Quo
462 2615 554 2678 scribi
577 2624 699 2698 possent
721 2633 845 2678 numero
869 2618 1045 2678 monstrarit
1068 2617 1222 2678 llomerns.

377 2700 499 2764 Scilicet
521 2702 643 2765 beroien
667 2702 783 2765 dicetur
806 2704 941 2771 lorsitan.
966 2704 1014 2764 isti

378 2789 506 2852 Currere
528 2790 666 2852 versiculi
689 2791 755 2871 quia
780 2790 926 2853 deberent
949 2790 1024 2869 pede
1047 2789 1108 2859 tali,

377 2873 521 2954 Quodque
544 2893 599 2955 per
622 2878 745 2954 exiguos
768 2895 944 2957 magnorum
967 2891 1072 2954 inagna
1098 2876 1229 2936 rirornm

379 2957 496 3020 l'roelia
520 2980 579 3024 nou
603 2962 707 3024 deceat
729 2961 831 3041 elegos
854 2963 1012 3044 scripsisse
1035 2959 1212 3038 probabant.

379 3044 458 3106 Sane
480 3046 623 3120 concedo,
644 3046 696 3108 sed
720 3055 802 3126 gesta
826 3048 993 3109 miserrima
1016 3043 1116 3107 scribo

379 3129 416 3190 Et
436 3135 551 3208 strages
574 3135 701 3194 miseras
724 3135 914 3200 miserorum,
938 3133 989 3210 qui
1012 3131 1153 3192 misereri

379 3212 542 3277 Noluerant
565 3217 623 3278 sibl
646 3235 703 3278 nec
725 3215 797 3287 aliis.
821 3217 873 3279 sed
898 3225 993 3278 morte
1017 3213 1168 3276 nectebant

379 3299 418 3360 Se
441 3301 548 3361 misera
573 3303 692 3373 misere,
717 3303 829 3364 misero
851 3301 1023 3365 stimulante
1046 3302 1158 3362 lurore.

381 3384 439 3446 Per
461 3388 588 3450 miserus
611 3390 703 3466 igitur
727 3387 827 3468 elegos
849 3387 906 3450 boc
929 3389 1041 3450 ducere
1064 3403 1184 3447 cannen

380 3469 504 3534 Decrevi
526 3475 666 3538 miseram
689 3485 801 3536 sortem
825 3478 984 3538 miseratus
1007 3492 1121 3543 eorum,

380 3558 422 3622 [le
444 3558 553 3638 quibua
575 3560 626 3624 bic
647 3559 767 3640 legitur,
791 3562 895 3624 miseri
918 3563 970 3642 qui
993 3566 1089 3622 castra
1112 3567 1286 3640 sequuntur.

304 3691 305 3695 ,
381 3643 442 3707 llac
465 3652 565 3708 nostra
588 3650 705 3710 ratione
727 3645 822 3729 stylus
845 3666 905 3709 non
929 3647 1035 3708 debuit
1057 3648 1128 3706 istas

380 3729 520 3794 Scribere
543 3751 599 3796 nce
622 3733 725 3797 debuit
747 3732 873 3796 heroum
897 3734 1030 3795 carmine
1054 3740 1159 3800 morte,

382 3816 440 3878 Sed
464 3820 600 3881 numeris
621 3819 679 3880 snb
702 3817 874 3898 disparibus
896 3817 943 3878 lex
967 3819 1091 3880 metrica
1114 3815 1212 3884 saltat,

294 3969 297 3974 ,
380 3901 537 3981 Tanquam
561 3903 740 3966 demiseris
762 3903 837 3966 haec
859 3910 906 3964 est
928 3904 1072 3973 narratio,
1097 3901 1207 3963 ‹licat'‘.

424 3986 572 4057 llnretem,
596 3992 645 4072 qni
669 4008 777 4071 trragno
800 3991 837 4052 in
853 3988 1067 4070 bonereapntl
1091 4004 1196 4049 omnes
1217 3985 1308 4048 ntedli

255 4149 257 4152 ¹
338 4075 402 4138 aeri
423 4077 585 4158 scriptores
608 4079 672 4150 luit,
695 4079 782 4139 nrrxle
806 4084 835 4140 et
858 4075 965 4140 iisdem
989 4093 1084 4156 quaene
1108 4073 1207 4136 verbis
1223 4079 1309 4136 utens

338 4168 459 4226 secutus
482 4169 537 4234 est.
560 4171 594 4225 ut
617 4165 681 4246 ipse
704 4171 828 4226 testatur
851 4162 902 4226 lib.
926 4161 975 4224 lll.
1000 4181 1027 4223 v.
1051 4157 1115 4224 239
1130 4179 1210 4242 sqq:
