3372 4788
410 731 474 783 xvr
764 711 1050 772 Pnonnoonnnn.

410 889 556 935 sermone
570 868 777 955 ooneoripsit,
793 873 828 936 et
840 890 951 936 verens
966 869 1051 952 eius,
1072 871 1182 935 temen
1196 888 1262 934 non
1278 889 1379 953 panon

409 952 592 1039 offendunt,
622 974 704 1041 quse
725 955 777 1021 his
799 975 873 1021 euni
895 954 960 1021 illie
981 953 1167 1027 eommunia
1187 953 1265 1044 sint.
1313 953 1379 1020 Hoc

411 1041 445 1107 in
467 1062 603 1108 numero
631 1040 801 1110 referendo
829 1046 879 1108 est
905 1044 939 1107 et
964 1041 1067 1108 nimie
1095 1040 1270 1107 verborum
1291 1061 1384 1127 groe-

412 1147 521 1194 oorum
543 1127 704 1194 effeotetio
727 1165 769 1178 -
791 1132 966 1194 ooourrunt
988 1128 1077 1193 enim
1099 1128 1133 1192 in
1149 1126 1231 1193 Vite
1252 1126 1386 1192 metrico

412 1212 487 1296 plus
502 1212 640 1278 ducents
655 1212 782 1278 diverse
804 1249 843 1262 -
860 1217 894 1278 et
907 1212 1107 1278 consuetudo
1122 1213 1192 1277 eius
1207 1212 1385 1277 orationem

414 1296 524 1364 multis
554 1298 730 1384 scripturae
760 1318 869 1364 seoroe
897 1303 931 1362 et
957 1299 1152 1383 scriptorum
1182 1295 1387 1380 antiquorum

414 1381 556 1451 flosculis
579 1383 766 1451 adornandi.
810 1382 934 1450 Verum
961 1405 1034 1450 oum
1064 1383 1170 1448 oratio
1193 1382 1262 1449 eius
1284 1382 1389 1448 solute

414 1468 593 1535 enuntietis
620 1469 843 1557 prolixissimis
866 1473 899 1536 et
921 1468 1117 1538 intolerabili
1147 1468 1318 1535 verborum
1339 1473 1389 1534 tn·

414 1575 504 1622 more
533 1576 686 1622 neuseem
708 1559 837 1622 movent
858 1555 1057 1642 legentibus,
1090 1576 1201 1621 versus
1229 1555 1297 1621 eius
1323 1576 1388 1620 non

414 1641 518 1712 solum
547 1640 599 1707 his
626 1641 715 1708 vitiis
742 1640 810 1709 iere
831 1641 965 1708 omnino
988 1645 1114 1722 osrent,
1147 1640 1292 1727 sedvel,
1315 1641 1389 1707 dum

415 1726 588 1794 absurdum
628 1726 720 1793 illurn
753 1728 982 1794 vocabulorum
1028 1748 1218 1814 groeoorum
1255 1729 1390 1795 ebusum

414 1813 565 1879 eustorii
608 1815 714 1891 'osone
730 1834 798 1879 non
819 1815 891 1878 sine
912 1812 1078 1898 elegantia
1093 1813 1230 1899 quedem
1246 1820 1278 1879 et
1289 1835 1388 1878 venu-

385 1957 391 1968 .
415 1901 497 1968 state
509 1919 567 1983 pro
591 1901 684 1964 nunt.
714 1897 804 1965 Inter
818 1903 990 1964 essentem
1006 1897 1157 1964 dictionis
1170 1899 1390 1997 proprietates,

416 2003 496 2131 pnes
523 1982 559 2046 in
587 1981 710 2048 deliciis
737 1982 837 2048 hebet
863 1981 1052 2048 'thiofridus
1082 1984 1117 2047 in
1140 1983 1218 2048 Vite
1247 1983 1390 2064 metrice,

437 2086 498 2133 uos
520 2070 648 2152 praeter
669 2071 791 2133 osterse
820 2088 897 2133 oons
921 2068 1028 2135 ionae:
1051 2068 1190 2153 primum
1214 2067 1300 2154 quod
1323 2089 1392 2134 ver-

418 2152 510 2235 bum,
533 2150 629 2237 idque
651 2152 838 2237 saepissime
863 2089 1112 2237 suistentivnm,
1135 2155 1169 2219 in
1193 2175 1287 2219 versu
1303 2157 1392 2218 onte-

416 2235 544 2302 oedenti
587 2237 730 2322 positum
776 2238 870 2302 initio
903 2237 1104 2323 insequentis
1138 2259 1249 2304 versus
1283 2238 1392 2303 addita

417 2321 616 2388 soonretiore
658 2321 845 2390 definitione
882 2322 1001 2408 repetit
1044 2323 1224 2410 exemplum
1262 2326 1391 2390 secutus

417 2405 485 2474 Ver
510 2407 557 2474 'lii
594 2406 792 2495 aliorumque
824 2411 994 2495 poetarum
1024 2429 1246 2492 romanorum,
1276 2408 1391 2477 deinde

417 2514 482 2579 quo
520 2493 678 2560 voeabula
699 2516 737 2561 ex
760 2495 872 2561 eodem
887 2494 994 2561 radice
1009 2495 1160 2578 oriunda,
1183 2517 1278 2582 saepe
1294 2495 1391 2562 etiarn

363 2663 368 2672 .
417 2579 566 2647 similiter
586 2581 746 2663 sonantia,
769 2581 804 2646 in
826 2581 936 2646 eodem
959 2602 1053 2646 versu
1076 2583 1130 2680 ite'
1143 2582 1247 2667 ponit
1271 2585 1308 2648 nt
1329 2582 1390 2681 sibi

416 2663 500 2820 231⁰?
502 2665 903 2838 tttgtttffttttt
913 2669 1138 2818 trine
1153 2668 1389 2820 tttrtt·

418 2836 645 2922 perlustranda
676 2837 824 2925 pluribus
855 2837 962 2904 vorbis
996 2841 1126 2924 agetur,
1159 2838 1248 2904 illius
1283 2846 1391 2906 entem

418 2923 567 3009 exemplo
588 2922 669 2990 haee
691 2927 781 2992 sunt:

419 3008 490 3076 118
513 3031 573 3095 sq
576 3058 712 3079 .....
733 3011 828 3077 solem
852 3029 1005 3095 peperere
1031 3007 1199 3094 Britanni,
1300 3031 1301 3034 ¹

503 3093 547 3163 so
626 3093 859 3176 Wilbrordum,
883 3095 939 3194 qui
961 3094 1062 3160 comit
1083 3096 1203 3163 lumine
1224 3096 1391 3181 mundum,

508 3179 647 3247 Lemim
668 3181 811 3265 oeelesti,
835 3180 937 3245 divini
959 3185 1118 3266 spermate
1139 3181 1239 3247 verbi.

417 3263 435 3328 1
455 3263 520 3330 210
540 3286 556 3329 s
581 3314 717 3335 .....
740 3265 861 3351 delegit
881 3265 915 3330 in
939 3265 1051 3331 ordine
1071 3266 1178 3332 stellae

502 3347 528 3415 S
638 3349 785 3436 signiferi
807 3353 1009 3434 praestantes
1031 3350 1136 3416 sidere
1158 3348 1249 3416 eseli.

501 3432 624 3500 Eodem
645 3434 740 3500 modo
760 3435 899 3518 repetito
920 3435 1020 3501 hebes
1050 3435 1066 3500 1
1088 3435 1152 3500 229
1174 3455 1221 3520 sq.
1243 3437 1387 3519 pannea

417 3516 478 3583 281
495 3539 543 3604 sq.
566 3523 651 3586 ooetu
698 3519 792 3588 285³
817 3524 876 3586 .te
915 3519 978 3584 308
993 3541 1040 3606 eq.
1057 3520 1213 3606 prospicit
1261 3520 1323 3585 317
1341 3542 1389 3605 sq.

417 3623 535 3670 munos
560 3605 623 3669 327
638 3625 686 3689 sq.
707 3605 778 3689 ipsi
793 3540 931 3689 (iwsq.
955 3605 1045 3689 lipsa
1071 3603 1135 3671 468
1150 3627 1197 3691 sq.
1216 3611 1388 3694 pneumate

419 3687 687 3774 notsqomme·
728 3690 961 3775 orrrqseoes
1001 3689 1031 3756 11
1065 3689 1247 3776 tepore
1291 3690 1393 3775 ltsq.

418 3777 539 3858 ternpus
563 3774 624 3839 154
638 3796 686 3859 sq.
722 3797 745 3842 o
811 3774 924 3842 &225
939 3797 987 3860 sq.
1026 3776 1111 3842 selue
1132 3777 1196 3841 304
1210 3797 1257 3860 sq.
1296 3776 1395 3842 limite

419 3857 688 3942 561s.opnum
739 3859 759 3926 6
817 3881 863 3945 sq.
887 3881 977 3927 omne
1026 3860 1219 3927 obesset
1268 3860 1392 3945 illsq.

421 3944 488 4009 don
552 3943 595 4008 39
616 3965 664 4028 sq.
687 3944 738 4010 lex
780 3945 841 4010 741
856 3965 912 4029 sq.
931 3964 1056 4028 pemoo
1102 3882 1151 4014 rit
1175 3945 1195 4010 9
1217 3965 1266 4028 sq.
1289 3945 1394 4010 iumen

420 4026 488 4093 230
508 4049 556 4114 sq.
579 4028 709 4096 oneror
763 4026 811 4096 IV
836 4029 898 4094 140
919 4051 965 4115 sq.
988 4051 1067 4100 orae
1125 4030 1184 4095 189
1206 4050 1254 4114 sq.
1282 4049 1395 4114 apmen
