3368 4792
375 630 438 679 xv1
782 615 937 668 Praetutio.

376 775 501 836 tortasse
525 770 643 852 tegendi
665 780 750 833 sunt:

420 858 471 921 isti
493 876 586 941 quum
609 857 692 920 diros
713 865 816 919 narret
838 856 942 919 adesse
965 857 1041 919 duos

369 981 372 988 ·
419 945 477 1008 Sed
502 962 599 1026 neque
622 962 680 1008 crox
704 943 807 1007 didicit
830 941 941 1007 nuttam
964 954 1084 1023 patrare
1107 946 1238 1026 oporterent

420 1031 574 1112 Pugnandi
597 1049 691 1112 genus
713 1032 867 1110 egregium
889 1040 1009 1112 patrare
1032 1034 1165 1094 scienter

378 1152 545 1216 quanquam
563 1134 657 1196 codex
673 1134 828 1196 maniieste
844 1136 916 1195 istas
932 1132 1020 1194 iaisas
1035 1134 1249 1214 productiones
1263 1152 1349 1214 prae·

378 1220 444 1289 bet:
467 1219 566 1282 iocum
589 1214 697 1290 1582

506 1322 604 1384 Paean
627 1321 770 1402 oppidulo
793 1331 875 1384 rorare
898 1319 948 1382 iux
970 1320 1067 1382 stabat
1088 1320 1194 1403 dpoiio

379 1424 485 1469 sanare
508 1407 657 1470 diiiiciiius
679 1415 740 1476 est,
765 1407 844 1488 quod
868 1406 961 1468 codex
985 1406 1058 1469 haec
1082 1405 1180 1477 verba,
1204 1425 1280 1488 quae
1303 1409 1350 1469 rix

379 1492 504 1572 intelligi
533 1501 671 1575 possunt,
706 1493 823 1574 prodit;
860 1491 1100 1554 emendationem
1129 1494 1222 1572 igitur
1252 1501 1351 1555 textus

380 1597 440 1639 rron
463 1580 526 1641 ausi
549 1597 661 1648 snmus,
685 1576 888 1664 conjecturam
913 1587 1012 1640 tamen
1036 1578 1084 1639 bic

532 1680 630 1741 Paean
654 1678 795 1760 oppidulo
819 1691 905 1742 mane
928 1678 1045 1741 lucebat
1065 1679 1171 1759 itpoiio

284 1855 288 1862 ,
380 1789 483 1844 nostro
498 1780 621 1844 biberto
644 1780 719 1843 duce
742 1783 771 1843 io
794 1783 853 1844 arsi
871 1781 992 1845 brevem
1007 1781 1149 1864 eyiiabam
1166 1780 1351 1863 producente

382 1866 562 1947 praebemus
584 1868 711 1929 tortasse
734 1884 793 1929 non
817 1868 1032 1949 accipiendam.
1057 1869 1124 1948 quia
1147 1866 1288 1940 „stabat”
1304 1887 1351 1930 se·

385 1954 488 2033 gerenti
522 1969 608 2013 verso
642 1955 782 2014 iteratum
814 1953 1041 2032 protundiorom
1071 1970 1192 2014 sensum
1221 1952 1352 2034 prodere

379 2038 508 2101 ridetur.
950 2076 954 2083 -

467 2120 711 2202 iiomoeoteieuto
739 2123 799 2204 jam
828 2125 873 2185 usi
896 2134 966 2186 sont
987 2125 1113 2188 ttonrani
1142 2135 1170 2186 et
1193 2134 1296 2186 noster
1319 2135 1352 2187 ut

381 2212 476 2271 ceteri
499 2211 643 2271 neoterici
667 2227 702 2270 eo
726 2227 784 2271 non
809 2208 958 2272 abstinuit.
1016 2211 1074 2271 ties
1096 2228 1187 2292 quum
1211 2218 1280 2271 nota
1303 2213 1351 2281 sit,

381 2314 446 2358 earn
469 2296 614 2360 mittimus
637 2304 667 2357 et
690 2295 823 2377 exempta
847 2295 1015 2358 exscribere
1039 2297 1186 2357 ruiramus.
1232 2296 1351 2376 insigne

381 2381 473 2461 lirrjus
495 2399 568 2444 usus
590 2379 760 2460 exemplum
783 2384 932 2444 invenitur
953 2383 982 2445 in
997 2383 1129 2443 carmine
1144 2382 1276 2460 elegiaco
1292 2381 1351 2453 „de

382 2468 498 2528 excidio
519 2465 649 2546 Troiae‘
680 2469 759 2547 quod
789 2466 900 2548 Leyser
927 2467 1043 2542 (tristor.
1072 2474 1151 2547 poet.
1181 2467 1259 2527 med.
1289 2469 1352 2528 aeui

382 2569 413 2631 p.
436 2547 510 2626 398)
535 2548 708 2613 iiiideberto
731 2551 901 2612 Turonensi
931 2555 1087 2632 episcopo,
1118 2554 1170 2632 qui
1195 2547 1276 2614 1132
1306 2551 1351 2613 vet

383 2633 467 2698 1136
495 2634 582 2705 obiit,
609 2635 728 2705 tribuit,
753 2635 891 2716 quodque
915 2646 1038 2716 propter
1062 2635 1186 2697 turmam
1210 2645 1240 2698 et
1262 2645 1354 2697 mote-

384 2723 460 2782 riam
483 2720 562 2781 iectu
586 2739 646 2781 non
669 2721 825 2800 indignum
850 2719 924 2782 calci
947 2721 1036 2801 irarjrrs
1058 2720 1127 2783 iibri
1151 2719 1350 2799 aaijunximus.

384 2805 426 2867 ite
450 2807 587 2867 universa
603 2824 636 2867 re
652 2809 774 2868 metrica
791 2808 1013 2869 neotericorum
1029 2805 1178 2868 Lucienus
1195 2805 1351 2878 diodorus,

383 2893 434 2970 qut
456 2894 578 2971 egregie
600 2892 637 2953 de
660 2889 710 2954 iiia
734 2893 803 2971 egit,
828 2891 1029 2954 consoteooos
1052 2904 1105 2955 est.

468 2995 595 3058 Carmen
619 2993 798 3082 praebemus
820 2995 855 3056 aci
879 2995 959 3058 bono
982 3013 1076 3077 arsque
1099 2995 1177 3058 diem
1194 2995 1351 3066 ineditum,

384 3079 469 3162 crrjrrs
492 3090 606 3144 tantum
630 3083 689 3144 duo
712 3082 875 3160 fragmenta
899 3083 925 3144 J.
944 3083 976 3144 F.
994 3082 1199 3162 iieueingenrs
1223 3084 1251 3144 in
1275 3080 1352 3144 libro

383 3166 427 3228 Fi.
444 3164 535 3230 ittaitii
551 3167 700 3229 Theodori
723 3169 760 3229 de
775 3171 880 3230 metris
896 3167 999 3249 (Lugd.
1015 3169 1116 3233 Batai.
1135 3165 1226 3247 1166)
1243 3187 1272 3247 p.
1292 3165 1353 3229 114

383 3249 488 3312 -111
512 3250 625 3332 pubiici
644 3251 721 3330 juris
743 3252 864 3321 iecerat,
887 3271 963 3332 quae
986 3253 1152 3330 fragmenta
1176 3273 1211 3314 ex
1228 3253 1353 3314 Heusin-

383 3353 456 3414 gero
493 3355 509 3396 a
547 3335 721 3398 Starerenio
759 3336 797 3414 (io
835 3336 966 3398 editione
1004 3335 1134 3398 Cornelii
1167 3337 1290 3419 Nepotis
1317 3336 1351 3408 it,

383 3439 413 3500 p.
442 3416 505 3483 385
529 3421 621 3502 squ).
656 3420 859 3483 Wernsdoriio
891 3422 980 3502 (poet.
1009 3425 1117 3484 minor.
1151 3421 1212 3483 Lat.
1242 3423 1277 3484 Τ.
1305 3423 1352 3492 tv,

384 3525 413 3586 p.
450 3502 539 3587 596),
577 3505 688 3569 Ebcrto
726 3505 1024 3586 (Ueberiieierungen
1060 3509 1113 3570 itd.
1146 3507 1171 3579 1,
1203 3525 1238 3588 p.
1271 3505 1351 3588 188),

383 3593 629 3655 Sciroonemanoo
646 3592 955 3673 (mertum-‹tigneuon
971 3591 993 3665 1,
1009 3613 1038 3675 p.
1057 3592 1097 3656 lb
1113 3613 1159 3658 nr.
1178 3592 1259 3671 lili,
1277 3594 1353 3674 Lap-

382 3677 549 3764 penbergio
578 3681 618 3760 (in
647 3681 832 3759 praefatione
855 3681 1006 3742 annalium
1031 3679 1143 3744 niberti
1167 3675 1265 3766 [Perta
1289 3699 1350 3743 ino·

382 3781 466 3827 num.
489 3763 590 3826 Germ.
613 3764 692 3834 xri,
724 3784 752 3844 p.
775 3761 839 3828 272
854 3764 943 3848 sq.]),
971 3765 1150 3829 tiedericirio
1174 3767 1214 3846 (in
1238 3765 1353 3829 Daretis

384 3849 513 3912 editione
535 3850 621 3912 Bono
643 3846 725 3914 1835
747 3853 873 3930 praefat.
897 3871 927 3933 p.
945 3852 988 3930 V),
1012 3851 1078 3933 doip
1103 3852 1142 3932 (iu
1166 3850 1352 3932 praefatione

385 3933 420 3996 nd
440 3935 643 4024 benedictum)
667 3937 853 4018 promnigota
877 3945 955 3999 sunt.
991 3935 1115 4019 iteiiqnn
1139 3947 1257 4019 praeter
1273 3937 1353 4000 ileu·
