3426 4786
452 732 543 791 VITA
560 732 810 791 wnnlenossnl
828 734 1000 792 uenales.
1028 735 1097 790 ula.
1116 735 1164 790 lv.
1257 736 1300 803 69

328 891 415 956 Area
437 889 488 956 dei
511 889 576 956 riri
597 891 792 957 transfertur
813 911 904 957 soma
926 891 1067 978 patroni,

275 979 315 1021 ¹⁴⁰
328 977 413 1041 Arne
434 976 494 1042 sub
516 997 629 1042 mensa
651 977 797 1043 caelestis
819 977 954 1063 ponitur
975 998 1059 1056 arca,

326 1063 421 1147 Arae,
443 1083 526 1149 quae
547 1063 616 1150 regi
637 1063 724 1128 trino
747 1063 897 1128 titulatur
918 1066 952 1128 et
973 1062 1046 1128 uni:

328 1145 391 1212 Hic
413 1148 548 1213 moritur
570 1147 709 1227 morbus,
732 1148 786 1213 hic
807 1149 914 1235 surgit
934 1148 1043 1234 gratia
1075 1147 1194 1232 virtus3

325 1229 518 1382 Siqffipoli
539 1232 653 1317 stellis,
676 1233 776 1298 maris
799 1236 1020 1383 exaequantur
1042 1197 1064 1297 b
1149 1233 1156 1248 '

1067 1253 1184 1300 arenrs.

464 1317 504 1383 V.
527 1315 590 1384 Sed
598 1339 680 1418 gena
691 1316 742 1384 his
751 1319 847 1385 donis
856 1317 889 1384 fe
902 1318 983 1384 icior
995 1316 1298 1384 estWaliohrensis.

275 1407 313 1448 ¹⁴⁵
326 1401 387 1468 nu
408 1403 483 1489 quia
505 1404 640 1470 cervicis
662 1403 770 1490 durae,
793 1403 902 1491 gravis
924 1403 1120 1491 asperitatis,

324 1487 386 1555 Eiet
407 1492 444 1554 ut
465 1511 578 1576 spuma
599 1490 714 1575 maris,
737 1512 752 1556 s
795 1489 883 1556 uitur
904 1512 992 1556 mare
1014 1489 1145 1556 turbine
1168 1490 1296 1569 mentia,

325 1573 402 1640 Non
424 1575 499 1642 ullis
523 1574 674 1660 dominis,
697 1598 765 1643 non
801 1576 915 1663 egibas
937 1576 1070 1663 angitur
1091 1575 1177 1660 ullis,

326 1660 382 1726 Nil
403 1664 462 1744 est,
508 1660 573 1728 uod
596 1662 717 1741 timeat,
741 1662 806 1728 nisi
826 1683 886 1747 per
907 1662 1063 1727 miracula
1085 1662 1203 1727 discat:

326 1743 477 1812 Crebrius
524 1747 576 1811 ine
597 1747 679 1811 fiunt
701 1747 756 1825 ibi,
779 1747 875 1812 eorda
895 1748 1020 1813 ferocia
1042 1747 1220 1832 stringunt.

278 1831 316 1874 ¹⁵⁰
330 1827 461 1895 Praeses
482 1829 691 1897 Flandrensis
715 1830 877 1917 Rupertus
899 1834 1049 1898 strenuus
1072 1833 1169 1898 armis

324 1915 364 1982 In
386 1913 590 1982 Walicbrurn
611 1916 750 1983 stimulis
774 1917 918 2003 agitatus
940 1921 973 1983 et
995 1917 1072 2016 igne
1094 1915 1213 1983 furoris

326 2000 498 2068 Extremus
519 2001 686 2069 hominum
711 2003 855 2070 Morinos
876 2007 1038 2069 contrairi
1060 2003 1096 2069 in
1118 2024 1228 2089 uuum,

325 2086 519 2154 Teutonicos
542 2089 654 2175 agiles,
677 2089 838 2174 robustos,
861 2089 982 2157 viribus
1004 2109 1105 2154 acres.

325 2172 389 2239 Ter
410 2174 510 2240 denas
532 2173 632 2240 iortm
655 2175 717 2241 eibi
739 2173 861 2260 delegit
881 2174 1036 2260 legiones,

274 2261 312 2304 ¹³⁶
324 2256 466 2324 'Proiecit
487 2263 689 2345 turmasper
710 2257 844 2326 Scaldae
865 2258 1007 2324 fluminis
1030 2258 1144 2343 undas,

325 2343 493 2410 Terribilis
515 2345 616 2430 venit,
638 2342 831 2411 miserabilis
853 2343 928 2409 inde
952 2342 1095 2428 recessit,

325 2427 471 2494 Flamma
491 2429 551 2495 sub
574 2450 714 2510 accessu,
738 2451 838 2515 vapor
861 2433 894 2494 et
916 2428 1020 2515 fuligo
1044 2449 1182 2495 recessu.
1221 2434 1242 2494 f.
1252 2441 1298 2490 91Γ

324 2512 409 2580 Nam
433 2536 505 2580 cum
532 2513 757 2581 Walchrenses
779 2515 843 2580 tria
865 2513 954 2579 milia
976 2515 1029 2580 vix
1052 2516 1261 2580 numerantes

328 2599 440 2666 Pacem
463 2600 667 2685 quaesissent
712 2622 794 2685 rece,
818 2598 963 2667 sednon
987 2600 1215 2685 optinuissent,

274 2691 312 2731 “0
327 2685 483 2754 introiere
505 2709 631 2754 sacrum
698 2686 830 2754 ilbrordi
854 2686 1012 2775 sunguine
1035 2685 1202 2773 templum.

325 2773 409 2842 Sunt
430 2775 523 2859 quasi
545 2775 706 2860 praesenti
728 2775 833 2861 questi
856 2795 1027 2926 secumque
1052 2773 1207 2858 loquenti,

327 2859 440 2938 Questi
461 2863 538 2927 sunt
558 2862 665 2928 odium
688 2882 755 2928 non
777 2860 950 2944 exorabile,
996 2860 1104 2941 ellum,

328 2945 457 3013 Dextria
480 2948 574 3015 elatis
596 2969 727 3017 censum
749 2969 865 3014 rovere
887 2947 1070 3033 quotannis,

327 3031 362 3101 si
384 3032 595 3117 salvarentur,
617 3034 756 3100 victores
779 3033 991 3100 efficerentur.

275 3122 314 3164 ¹⁶⁶
327 3117 397 3184 Nec
418 3139 518 3202 mora,
542 3119 677 3205 digressi
700 3118 911 3184 sacramentis
934 3118 1043 3182 satiati

325 3201 408 3288 Igne
431 3205 539 3268 calent
559 3203 635 3268 fidei
657 3206 868 3287 statuuntque
890 3203 1002 3268 ducem
1024 3201 1087 3266 sibi
1110 3199 1186 3265 belli

326 3285 459 3353 Petroni
482 3309 612 3372 capsam
635 3287 744 3354 vexilli
767 3285 875 3352 fronte
896 3287 1047 3353 locatam.

327 3371 453 3439 Gursim
475 3375 680 3459 procurrunt,
704 3373 803 3438 solem
825 3374 902 3458 post
923 3371 1020 3437 dorsa
1041 3369 1240 3456 relinquunt,

328 3457 377 3525 Ne
399 3459 462 3524 sibi
484 3462 673 3546 prospectus
695 3458 830 3525 tollatur
852 3460 886 3523 et
907 3456 1038 3523 ensibus
1061 3457 1153 3523 ictus.

275 3550 315 3592 111
327 3545 439 3612 berica
460 3546 570 3613 nullus
591 3569 625 3612 se
647 3546 762 3626 munit,
786 3544 909 3611 casside
932 3542 1056 3629 nullus,

327 3631 437 3698 Armis
481 3633 532 3699 lus
555 3631 677 3699 domini
700 3654 797 3719 quam
819 3628 1040 3696 materialibus
1063 3629 1113 3696 usi

326 3717 431 3784 Nemo
452 3655 566 3804 iugem
588 3721 716 3804 turpem
738 3720 852 3799 versat,
875 3738 941 3781 non
963 3716 1195 3801 proditionem:

398 3937 574 3994 {luculentis
593 3939 619 3995 T
675 3942 721 3992 141
741 3937 880 4007 tytulatur
900 3936 958 3992 GT
1014 3940 1062 3992 143
1080 3936 1257 4016 exequantur
1276 3934 1301 3990 Y

329 4013 378 4134 qqq
394 4007 495 4133 ideoidti
511 4007 573 4134 gf,
633 4012 681 4064 158
698 4005 888 4062 Tenthonicos
907 4004 966 4062 GT
1035 4009 1082 4060 161
1100 4003 1225 4075 presenti
1244 4001 1301 4061 GT
