3372 4788
426 711 488 778 154
554 785 558 795 Ι
738 709 801 763 nau.
820 709 854 763 v.
891 725 916 760 v.
934 709 1078 760 oss-een

424 867 509 931 iious
532 871 631 926 tamen
646 862 776 933 illorum,
799 858 906 942 quihus
921 870 965 922 est
980 877 1075 942 equus
1090 869 1119 922 et
1134 877 1210 939 puer
1226 869 1256 922 et
1271 876 1320 921 res
1341 867 1393 917 ooo

468 951 505 1014 Et
527 949 642 1011 uirtutis
664 965 757 1026 amor,
780 947 951 1027 insuperata
973 954 1083 1008 manet„

427 1037 522 1100 Nemo
545 1035 718 1115 pruinosam
741 1051 794 1094 rea
817 1034 848 1094 in
871 1041 901 1094 te
921 1049 1066 1113 spernere
1089 1029 1178 1092 debet

469 1121 649 1190 caesariem,
675 1118 727 1182 uui
750 1119 815 1180 iaus
836 1117 961 1196 contigit
982 1127 1051 1178 ante
1073 1115 1161 1178 diem.

427 1203 565 1269 Nondum
588 1212 675 1266 natus
698 1220 774 1272 eras.
797 1201 849 1264 sed
873 1219 939 1263 eras
961 1209 1032 1263 tune
1054 1201 1158 1264 metris
1181 1201 1213 1262 in
1235 1197 1309 1270 aito,

469 1291 562 1354 Ferre
584 1288 737 1351 terebatur
759 1286 860 1350 nobile
882 1295 977 1349 roater
999 1304 1084 1348 onus.
1345 1291 1396 1341 oto

427 1372 532 1448 Qualia
555 1384 586 1436 tu
608 1375 726 1454 genitus
750 1372 906 1452 genuisses
928 1370 1035 1450 gaudia
1058 1387 1161 1450 regno,

470 1459 589 1524 Plaudit
611 1458 708 1522 adhue
730 1456 807 1520 ieeto
830 1457 962 1519 carmine
984 1458 1062 1519 iama
1084 1454 1204 1538 loquax.

427 1547 474 1610 'l'u
497 1564 571 1628 puer
594 1555 625 1608 et
644 1544 772 1627 junonie,
795 1543 894 1606 audivi
916 1544 1035 1623 saepius
1057 1544 1122 1618 isto,

472 1633 580 1714 Segnis
603 1631 751 1695 trobiiibus
773 1629 874 1693 indole
896 1631 995 1693 oiarus
1017 1647 1092 1692 eras.

428 1717 571 1784 inberbis
590 1717 716 1798 juvenis,
740 1716 859 1780 tandem
882 1717 1006 1779 custode
1029 1723 1152 1787 remoto,

474 1805 577 1884 Regna
600 1803 731 1866 tuebaris
754 1805 842 1864 uniou
866 1801 970 1864 dextra
993 1805 1096 1883 patris.

429 1889 476 1952 'l'u
500 1888 592 1950 decus
614 1907 647 1950 es
667 1887 796 1967 patrium
819 1894 887 1968 post
908 1887 967 1948 iata
989 1893 1112 1968 paterna
1135 1893 1256 1948 secutus

473 1971 625 2035 Nobiliore
647 1972 772 2034 studens
792 1988 888 2051 regna
911 1981 1014 2034 tenero
1037 1979 1124 2047 statu,

430 2057 564 2130 Viribus,
588 2058 719 2137 ingenio,
741 2059 852 2138 speeie,
877 2058 994 2129 virtute,
1018 2057 1151 2126 loon-re

475 2141 609 2224 Singula,
633 2160 710 2221 quae
732 2143 852 2205 fuerant
872 2141 938 2221 jure
962 2142 1116 2223 patranda,
1140 2151 1252 2222 patras,

432 2230 608 2309 asperitatis
632 2235 661 2289 et
682 2225 812 2290 invidiae
835 2236 989 2290 corrector
1013 2236 1043 2289 et
1063 2229 1125 2289 irae

473 2317 552 2376 itura
575 2330 681 2375 serena
707 2310 802 2384 bonis,
826 2330 915 2392 scopa
939 2330 1043 2376 severo
1067 2311 1161 2375 maiis.

435 2398 549 2460 Graeca
572 2399 747 2478 superuenit
768 2397 907 2460 violentia
931 2396 1054 2468 viribus,
1078 2399 1180 2467 ermis,

474 2481 500 2542 N
520 2480 605 2544 albus
628 2490 658 2543 et
680 2479 768 2543 beiiis
789 2479 890 2544 littora
912 2481 1028 2543 Teucro
1051 2499 1200 2562 premens.

432 2501 551 2628 aestiuo
574 2563 714 2644 trgotteo
737 2575 786 2626 tua
810 2565 979 2628 sollicitudo
1003 2566 1098 2627 furori

475 2651 622 2732 Expensis
645 2648 715 2713 bettt
737 2669 793 2732 per
815 2650 874 2714 duo
897 2651 988 2712 tustra
1011 2651 1097 2714 datis.

436 2737 509 2799 Cum
533 2744 576 2797 tot
599 2737 746 2798 sustineas
768 2743 799 2796 et
821 2735 902 2797 tanta
926 2738 1046 2816 negotia
1069 2735 1159 2805 seius.

478 2820 562 2884 Mens
586 2819 766 2902 invincibilis
789 2830 820 2883 et
842 2818 919 2883 bene
940 2821 1026 2883 iit-ana
1051 2829 1160 2883 manet.

434 2906 560 2970 Mutavit
582 2913 713 2969 mentem
737 2903 866 2988 populus
888 2906 961 2970 levis
984 2916 1013 2970 et
1036 2905 1114 2969 oeiet
1136 2923 1196 2969 uno

480 2992 632 3056 stu-tenui
655 2992 753 3056 studio
776 2994 926 3056 deteriore
950 2992 1057 3065 mosim

435 3077 591 3158 Tanquam
614 3088 752 3160 pascatur
774 3077 893 3159 siliquis
916 3089 947 3143 et
967 3098 1045 3161 pane
1066 3077 1199 3142 seeundo

480 3165 646 3227 Murmurot
668 3174 698 3227 et
719 3164 805 3228 labiis
826 3165 964 3246 improba
987 3175 1053 3226 voto
1076 3164 1191 3245 prohat

438 3285 642 3294 ----··....--

503 3351 563 3405 965.
581 3350 648 3404 Hor.
666 3349 698 3403 Δ.
718 3348 748 3400 Ρ.
767 3351 817 3401 eta

505 3416 692 3470 offenduntur
710 3417 793 3478 onim,
813 3416 912 3483 quibus
931 3421 976 3469 ost
993 3431 1081 3483 equus
1099 3421 1128 3468 et
1146 3420 1227 3484 potor
1245 3421 1273 3468 et
1290 3429 1336 3467 ros

437 3486 521 3537 otiam
539 3487 590 3540 oin.
608 3481 787 3552 (Maximino)
804 3485 827 3543 1.
845 3487 879 3537 ot
896 3501 936 3550 sq.

590 3553 650 3603 Hos
667 3553 741 3603 inter
758 3551 867 3604 virtutis
886 3567 962 3619 opes,
982 3551 1135 3604 tolerantis
1152 3567 1243 3604 return

568 3643 571 3648 ·
627 3620 783 3686 Spemobot
801 3625 916 3672 ouuotao
935 3622 1100 3686 insuperoto
1118 3621 1216 3672 minos.

437 3690 496 3740 tto.
516 3694 560 3740 est
576 3687 674 3739 floret.
692 3687 744 3739 Ars
761 3693 834 3754 poso
853 3703 878 3740 v.
898 3689 955 3739 iol.
1025 3689 1084 3740 oto.
1102 3687 1199 3755 Margo
1217 3691 1258 3750 tu,
1276 3687 1340 3739 dieo
1359 3701 1409 3754 pro

436 3756 566 3820 „uuioo“.
664 3757 724 3808 ott.
741 3764 862 3807 seoutua.
881 3755 967 3810 aohol.
986 3755 1047 3806 aeil.
1067 3771 1191 3822 rognum.
1290 3755 1351 3808 987.
1367 3759 1410 3805 sot

436 3821 536 3940 Ηδοηῑ.
555 3821 605 3887 Eo.
625 3823 662 3884 11,
683 3825 706 3885 l,
726 3825 749 3874 1.
819 3823 878 3874 981.
897 3823 941 3876 90.
960 3823 1090 3888 estHor.
1109 3823 1198 3890 Epist.
1219 3821 1256 3882 11,
1275 3824 1301 3888 1,,
1320 3823 1411 3877 lom

438 3904 456 3939 u
477 3891 600 3941 itsmon
1350 3900 1352 3906 ’

574 3955 720 4008 scribendi
738 3956 838 4020 nodio,
856 3958 990 4023 puerique
1008 3963 1160 4023 patresque
1177 3958 1270 4011 severi

437 4025 497 4076 sot.
514 4023 581 4076 Hor.
600 4025 688 4091 Epist.
706 4024 743 4088 11,
763 4028 786 4088 1,
807 4026 864 4076 tat.
883 4025 953 4076 vivit
970 4023 1013 4076 sil.
1031 4029 1060 4077 st
1078 4041 1104 4091 p.
1123 4040 1144 4076 s.
