3426 4786
441 744 528 803 VITA
547 745 796 803 WlhblBltOltDI
814 746 991 804 ΜΕΤΒΙΟΑζ
1016 747 1085 811 LlB,
1097 747 1144 808 111.
1240 753 1284 817 49

310 901 465 968 Subditus
487 905 537 970 est
558 923 682 1002 poenae
703 923 777 968 cum
799 905 870 967 tota
891 904 1082 988 posteritate

311 986 415 1062 Quam
430 1008 530 1072 grave
545 993 588 1052 srt
603 987 727 1065 vitium,
739 986 938 1070 perpendite,
950 1009 1047 1071 quam
1063 989 1106 1052 sit
1121 989 1281 1074 iniquum,

257 1069 1153 1154 mfflwmfflMmmmmmm.

309 1153 360 1220 Sit
379 1154 467 1219 aelus
488 1155 575 1220 Petri
599 1154 723 1239 cupidis
745 1153 895 1220 fraudare
916 1155 1043 1220 timori:

311 1238 466 1305 Dorcadie
488 1241 649 1306 extinctae
671 1239 835 1324 reperavit
856 1261 947 1305 soma
968 1239 1138 1324 Thabitae,

310 1324 396 1390 linae
418 1325 468 1391 sui
490 1326 581 1392 verbi
603 1325 666 1391 duo
690 1325 806 1390 stravit
827 1329 952 1392 somata
974 1326 1080 1407 morti,

309 1411 454 1478 Perculit
475 1413 639 1478 Ananiam
661 1433 734 1477 cum
756 1415 981 1497 compeccante
1003 1411 1142 1497 Saphire

259 1515 297 1557 ras
311 1496 503 1583 Exemplum
525 1500 671 1564 statuens
703 1497 838 1563 19911999
860 1498 969 1564 vitetis
992 1501 1030 1563 ut
1051 1519 1172 1564 omnes.

312 1582 393 1649 Esse
414 1585 530 1671 nequit
550 1547 737 1663 monachus,
761 1585 813 1649 cui
836 1582 926 1649 Petri
949 1582 1099 1669 displicet
1119 1588 1220 1650 ectus.

312 1668 374 1746 Qui
395 1691 429 1735 se
451 1670 585 1750 seducit,
608 1667 664 1753 qui
688 1669 812 1754 cogitat
833 1673 891 1734 aut
910 1671 958 1734 ita
979 1668 1101 1754 garrit:

311 1754 398 1820 ‘Nou
444 1759 502 1820 uto
524 1754 728 1840 sacrilegum,
750 1753 805 1837 qui
826 1775 994 1819 nummum
1017 1753 1157 1838 subripit
1179 1776 1281 1822 unum

314 1839 380 1905 Aut
401 1777 511 1926 plures
534 1844 567 1906 st
586 1843 651 1923 tus,
675 1839 834 1925 candelas,
858 1843 907 1905 est
929 1839 1045 1940 quibua
1067 1860 1159 1906 usus:

263 1945 303 1986 ²0⁰
317 1925 438 1993 Militat
460 1926 566 2013 altari,
589 1928 665 1993 licet
686 1948 725 1992 ex
748 1925 810 1992 hoc
832 1925 1039 2013 participari?

313 2013 370 2081 Nil
393 2015 480 2100 sapit
499 2014 564 2096 hio,
587 2014 644 2099 qui
665 2013 712 2079 sic
734 2013 820 2099 sapit
841 2017 874 2078 et
896 2011 1083 2079 discrimina
1104 2014 1218 2080 nescit

316 2099 391 2167 Non
413 2103 532 2186 probat
544 2099 607 2166 hoc
621 2099 752 2184 Paulus,
774 2121 842 2166 non
858 2099 991 2166 Flaccus
1012 2100 1153 2166 carmine
1169 2099 1284 2167 clarua.

314 2185 544 2252 Tetrastichon
566 2185 675 2251 Flacci
698 2185 804 2263 breve,
827 2185 883 2271 qui
905 2187 953 2250 sic
975 2185 1105 2270 desipis,
1127 2185 1219 2252 audi:

316 2270 376 2337 ‘Tu
398 2270 482 2336 nihil
504 2271 654 2335 admittes
676 2271 711 2334 in
733 2273 766 2334 te
788 2269 960 2334 formidine
982 2291 1117 2355 poenae,

261 2371 301 2414 aas
315 2353 367 2421 Sit
387 2375 460 2440 spes
482 2355 627 2439 fallendi,
649 2354 798 2419 miscebis
820 2375 912 2419 sacra
933 2353 1089 2439 profanis.

313 2438 397 2505 Nam
420 2439 459 2504 de
481 2438 570 2504 mille
592 2438 686 2503 fabae
708 2438 850 2503 modium
875 2460 947 2504 cum
970 2438 1111 2523 subripis
1132 2460 1243 2518 unum,

316 2523 476 2588 Damnum
498 2527 556 2607 est,
580 2545 647 2587 non
669 2523 796 2586 facinus
818 2522 897 2586 mihi
920 2527 1016 2607 pecto
1039 2522 1145 2587 lenius
1168 2523 1255 2588 isto:

315 2607 384 2674 Hoc
407 2607 548 2692 adverte,
572 2608 660 2691 time,
683 2611 881 2688 convertere,
905 2607 968 2687 fur,
991 2607 1153 2692 resipisce.
1207 2615 1287 2673 teor

313 2693 391 2760 Non
413 2694 485 2780 lege
507 2694 546 2760 de
568 2715 659 2759 sucro
682 2714 821 2778 sacrum,
843 2715 912 2759 non
934 2696 1004 2759 esto
1027 2691 1178 2774 Celaeno,

263 2799 303 2840 99
318 2779 394 2847 1199
416 2801 503 2866 rapa,
525 2802 594 2845 non
616 2800 741 2844 sucrum
765 2778 804 2844 tle
826 2800 931 2858 sacro,
954 2801 1020 2844 non
1045 2800 1123 2864 cape
1145 2800 1283 2863 sacrum,

315 2865 407 2944 Quod
429 2870 462 2933 te
484 2889 550 2934 non
573 2887 664 2932 sacro
686 2887 724 2932 cu
750 2865 780 2931 is
803 2868 965 2933 occultare
988 2864 1112 2936 locello.

315 2953 371 3021 Nil
393 2953 524 3021 omnino
546 2953 637 3036 velis,
660 2887 748 3039 quod
768 2953 880 3020 obesse
902 2975 959 3020 reo
981 2952 1041 3019 tibi
1064 2951 1177 3037 credis,

315 3040 370 3107 Nil
393 3041 522 3127 habeas,
544 3041 665 3126 cupias,
688 3039 752 3105 nisi
775 3040 860 3125 quod
882 3041 942 3107 tibi
963 3040 1078 3140 regula
1100 3038 1210 3106 donat.

316 3127 436 3194 Paulus
458 3128 493 3192 in
512 3126 612 3192 altari'
629 3125 700 3192 vult
723 3126 883 3212 mysteriis
905 3126 1016 3192 satiari

261 3232 301 3273 m
316 3213 408 3280 Clam
430 3213 514 3279 nihil
537 3211 669 3297 auferri,
692 3211 749 3276 sed
770 3211 943 3298 sacrilegos
964 3211 1133 3290 removeri,

317 3301 364 3366 Ac
386 3300 425 3365 de
448 3298 610 3366 communi
632 3297 795 3364 concessis
817 3297 999 3398 sumptibus
1021 3297 1083 3362 uti.

317 3386 430 3452 Omnis
451 3385 628 3474 sacrilegus
649 3383 800 3451 Plutonis
822 3385 956 3450 victima
978 3383 1083 3449 lactus

316 3471 437 3540 Trusus
459 3475 494 3539 in
516 3473 682 3538 interitum
706 3471 794 3538 cadit
815 3472 850 3537 in
873 3469 1018 3537 barathri
1041 3469 1230 3537 cruciatum.

316 3559 388 3628 Hoc
410 3560 520 3642 ritate,
543 3559 606 3626 mei
629 3559 762 3644 domini,
784 3559 902 3625 iratres
923 3561 956 3624 et
977 3557 1092 3624 amici!

388 3751 436 3802 188
475 3746 724 3817 9999999991Ὶ
797 3753 845 3802 199
863 3745 1030 3816 dampnavit
1049 3745 1108 3800 GT
1175 3749 1224 3798 199
1242 3759 1290 3797 ex-

317 3816 438 3870 stinctae
453 3765 511 3868 NT
579 3821 625 3869 191
638 3815 786 3883 Ananyam
806 3815 864 3868 GT
897 3818 1094 3881 comprecante
1108 3809 1135 3865 Τ
1162 3809 1291 3879 Saphyra

319 3883 377 3937 GT
434 3888 482 3936 199
499 3883 602 3952 tegnas
622 3881 681 3936 GT
738 3886 787 3935 199
808 3881 873 3934 thus
898 3880 957 3935 (Μ’
1009 3885 1061 3933 999
1084 3877 1291 3946 Tetrastychon

319 3949 377 4004 GT
432 3955 484 4004 994
529 3950 667 4005 9999911
722 3963 792 4004 enne
811 3947 837 4001 Τ
890 3954 941 4003 999
958 3944 1113 4015 prophanis
1133 3943 1191 3998 GT
1240 3948 1290 3998 997

319 4016 480 4097 Dampnum
501 3966 559 4072 81*
624 4023 674 4073 999
693 3967 797 4073 detero
817 4014 875 4072 GT
933 4015 1043 4096 91119]
1069 4013 1104 4067 de
1125 4010 1212 4092 GT·
1240 4016 1292 4066 914

318 4086 420 4142 sscien
439 4084 497 4142 GT
556 4091 615 4144 919.
635 4091 685 4142 919
703 4081 982 4154 outonspoamds?
1038 4087 1089 4137 919
1106 4081 1214 4136 baratri
1234 4079 1294 4137 GT

376 4183 494 4226 ‘Phloirldl
509 4184 557 4226 sits
571 4185 671 4228 willibr.
687 4186 751 4227 metr.
766 4183 801 4225 sd.
816 4183 940 4232 aeranem.
1114 4174 1131 4223 4
