3368 4792
411 721 455 786 m
733 721 1058 778 mmmmm

455 877 492 939 Et
512 878 572 956 pia,
594 877 620 939 sl
643 875 729 956 longe
752 874 815 938 ruit
837 878 967 937 tacuisse
990 894 1084 937 mora.

413 963 516 1027 Audax
538 963 568 1024 ln
591 961 678 1025 bellis
700 963 867 1023 acerrimus
889 970 936 1023 est
957 960 1125 1034 Diomedes,

456 1048 603 1110 Strenuus
625 1057 656 1110 ct
677 1048 764 1110 iortls
785 1045 882 1108 vultus
904 1045 1048 1110 ironestus
1069 1050 1110 1110 ei.

413 1139 557 1198 ilusterus
579 1131 727 1196 clamosus
749 1139 814 1194 erat
835 1130 993 1213 calidoque
1014 1132 1151 1202 cerebro,
1345 1143 1379 1192 sc

459 1217 592 1298 Corpore
615 1216 778 1295 quadratus
800 1217 1016 1298 impatiensque
1037 1218 1120 1278 satis.

412 1301 631 1383 Triptolemum
653 1302 770 1374 nescim
794 1317 919 1379 magnus
941 1301 997 1363 luit
1017 1309 1108 1382 atque
1131 1301 1221 1364 virilis

458 1388 576 1470 Optime
601 1387 695 1450 iorma
717 1387 775 1448 sibi
797 1386 850 1448 sed
873 1387 1059 1449 stomachosa
1082 1389 1217 1470 quidem

413 1475 547 1550 Blaesus,
570 1475 703 1536 siluncus
725 1480 790 1536 erat
811 1471 894 1535 velox
918 1473 1074 1553 oculisque
1096 1474 1240 1545 rotundis.

456 1559 510 1624 Cui
533 1558 761 1642 taciendam,
784 1560 866 1640 larga
888 1559 1067 1643 superciliis.
1332 1570 1381 1620 100

413 1648 563 1713 Candidus
585 1657 615 1711 et
637 1665 772 1728 magnus,
795 1665 867 1710 naso
890 1665 1010 1730 qnoque
1031 1647 1139 1713 Nestor
1160 1647 1296 1713 obuncos

457 1734 583 1817 ilapeiiie
606 1742 636 1796 et
658 1735 786 1815 sapiens,
810 1732 997 1796 consiliando
1018 1752 1117 1815 sagax.

414 1821 538 1882 lllttitur
559 1818 661 1882 iliacas
682 1820 776 1881 audax
799 1827 902 1881 orator
923 1820 959 1880 ad
982 1837 1078 1892 arces,

457 1905 583 1966 Nestora
606 1903 728 1965 laudere
750 1921 819 1965 oum
843 1903 988 1965 Cicerone
1010 1914 1105 1984 potes.

414 1986 564 2050 Candidus
585 1995 616 2049 et
637 1989 815 2049 temerarius
836 2005 878 2057 es,
901 1987 956 2048 tibi
978 1989 1077 2050 vuitus
1098 1989 1253 2059 honestus,
1331 1998 1380 2048 too

349 2145 352 2152 ⁴
456 2071 566 2133 Fidens
588 2075 618 2132 in
641 2070 755 2132 celeres
776 2070 958 2132 Protesiaiae
980 2072 1086 2152 pedes!

414 2157 634 2233 Magnanimum
656 2156 797 2233 gracilem
819 2157 983 2236 sapientem
1007 2157 1054 2219 dic
1075 2156 1275 2230 Palamedem,

457 2239 596 2311 illandus,
618 2240 775 2310 lacundue,
799 2240 973 2310 ambitiosus
995 2251 1071 2304 erat.

413 2328 451 2389 tt
473 2343 591 2390 crassus
612 2323 777 2407 Polydorus
799 2335 864 2390 crat
885 2324 1077 2392 Nuoolccicus
1099 2327 1194 2392 audax

456 2413 571 2483 Tristis,
595 2412 776 2494 pervalidus,
799 2421 899 2475 mente
920 2415 1045 2477 timente
1068 2423 1179 2479 tacens.
1333 2426 1381 2476 ito
1490 2435 1493 2442 ·

413 2497 552 2574 Magnum
575 2497 753 2577 prudentem
776 2497 939 2578 dicuntque
961 2499 1121 2562 lleolraona
1143 2501 1263 2570 sortem,

456 2582 512 2642 llio
533 2580 622 2642 simul
644 2591 674 2642 et
695 2582 812 2660 patiens
834 2583 1078 2664 compatiensque
1101 2585 1164 2645 luit.

413 2666 578 2728 liei-ionem
601 2665 701 2727 rutum
724 2683 819 2746 ponas
839 2665 892 2726 sed
914 2678 944 2727 et
965 2668 1171 2747 impatientem

458 2749 502 2819 llt,
526 2751 594 2828 quia
617 2751 656 2810 sit
678 2749 803 2829 medius,
826 2767 964 2830 corpore,
988 2761 1088 2813 mento
1110 2761 1210 2814 tenax.

414 2834 520 2897 Dicere
542 2853 610 2897 cum
633 2834 710 2896 volui
733 2852 819 2916 quam
841 2837 978 2916 pertinax
1002 2844 1091 2912 esset,
1113 2838 1186 2899 oriri
1332 2847 1380 2896 iio

456 2921 502 2984 lle
525 2931 629 2982 contra
652 2924 752 3001 coepit
774 2923 910 3001 protinus
932 2923 977 2984 ira
1001 2924 1097 2985 metri.

416 3008 462 3069 lle
485 3007 561 3069 duce
583 3009 635 3088 qui
659 3007 756 3078 toties,
780 3009 886 3088 lnqult,
910 3025 976 3070 mea
998 3010 1083 3087 signa
1107 3007 1209 3080 tulisti,

455 3090 530 3164 Quis
552 3092 640 3154 modo
663 3095 813 3173 persuasit
834 3093 882 3156 iiia
905 3111 1017 3173 negare
1039 3093 1106 3157 tibi.

413 3178 519 3240 Exitus
540 3187 604 3239 acta
627 3177 749 3259 prohat,
771 3179 846 3248 dois,
870 3197 929 3240 non
953 3196 1051 3259 pugna
1074 3189 1207 3251 coronat,

455 3263 624 3324 Laudamus
647 3262 765 3325 tandem
788 3262 852 3324 sole
874 3263 999 3326 cadente
1021 3263 1111 3326 diem.
1329 3275 1380 3324 120

413 3347 520 3412 Nostra
543 3346 740 3429 probabiliter
762 3346 821 3411 iruc
844 3364 938 3427 usque
961 3356 1082 3411 secutus
1104 3368 1137 3412 es
1159 3367 1250 3421 arma,

456 3433 542 3496 Nunc
564 3435 648 3512 quael
671 3433 814 3496 dcllcicns
835 3433 884 3494 ilia
908 3433 993 3497 drrcis
1016 3438 1109 3498 iners.

480 3709 521 3762 97.
545 3723 594 3774 pro
611 3705 791 3777 Triptolemo,
812 3709 902 3760 Dares
920 3707 1038 3774 pmebet
1055 3707 1276 3775 Neoptolemum.
1312 3709 1379 3766 Cod.

411 3769 620 3840 Triptolemum.
690 3778 733 3828 99.
756 3791 790 3826 ex
811 3776 937 3841 margine
960 3777 1083 3827 ednnoos
1105 3776 1179 3842 quod
1203 3777 1289 3829 etism
1307 3777 1380 3844 epod

411 3842 552 3904 Daretem,
571 3858 621 3909 pro
639 3843 763 3895 sdulcos.
816 3846 874 3896 101.
891 3858 962 3895 neno
974 3858 1133 3911 pecussum
1146 3844 1206 3896 cod.
1259 3846 1317 3900 iot.
1333 3845 1381 3896 Al-

410 3907 516 3961 luditur
545 3909 673 3962 Olceron.
701 3910 749 3960 lib.
776 3911 810 3961 de
836 3927 896 3961 sen.
923 3927 986 3977 cop.
1013 3914 1054 3962 10.
1129 3914 1187 3967 ios.
1215 3911 1380 3976 Polydorus,

411 3976 501 4027 Dores
529 3976 631 4028 hebet:
665 3975 835 4028 Podsllrlum
866 3993 1001 4040 cressum,
1036 3977 1191 4044 valentem,
1221 3979 1380 4044 superbum,

411 4043 530 4094 tristem.
601 4047 659 4097 lit).
678 4041 731 4097 Ov.
751 4044 816 4098 Her.
835 4045 873 4111 li,
891 4047 934 4100 85.
970 4046 1020 4100 Ex.
1039 4050 1094 4096 eet.
1113 4047 1190 4111 prob.
