3372 4788
435 619 497 685 172
742 621 805 678 nso.
823 621 871 672 vr.
907 635 933 672 v.
954 621 1096 693 ωτι-196.

544 803 756 878 [eunslblutt
774 803 987 861 apremonte
1003 803 1051 859 ΕΤ
1067 803 1293 876 pellionum]

434 931 574 996 Nondum
596 932 641 995 sol
666 929 784 1015 liquidis
806 950 839 996 se
863 932 986 994 miserat
1007 949 1115 994 aureus
1137 928 1225 994 uudls

479 1018 560 1083 Clam
584 1021 698 1082 sociant
719 1020 810 1101 aliqui
834 1038 875 1089 se,
899 1015 967 1081 sine
988 1026 1073 1089 teste,
1096 1016 1173 1087 sibl:

435 1104 557 1167 Scilicet
579 1102 728 1188 Antenor,
752 1105 851 1168 iolaus
873 1103 1116 1186 Polydamasque,

478 1189 690 1271 Amphidamas
711 1188 772 1251 iliis
793 1191 876 1253 alluit
898 1197 987 1270 atque
1010 1188 1115 1252 Dolon.

437 1275 544 1338 Dicunt
565 1276 667 1338 mirari
688 1294 731 1348 se,
754 1291 858 1354 regem
881 1273 967 1337 malie
990 1276 1100 1357 perire,

478 1359 572 1433 Quam
595 1377 648 1423 sna
671 1360 726 1422 suh
749 1361 833 1442 pacis
855 1361 1053 1442 prosperitate
1075 1360 1152 1422 lore.

436 1443 580 1508 Hostibus
601 1443 710 1508 inclusi
731 1463 835 1509 sumus
856 1463 970 1516 omues,
994 1445 1089 1526 patria
1112 1452 1236 1514 moeret,

479 1529 556 1593 Sunt
578 1533 646 1610 quia
670 1532 811 1593 continua
834 1529 957 1612 proelia.
980 1533 1107 1612 qrrisque
1129 1527 1220 1592 dolet.

436 1615 585 1688 Consiliis,
608 1620 741 1679 Antenor
762 1618 812 1688 all,
835 1616 977 1692 attendite
1000 1617 1109 1678 nostris

479 1700 623 1775 Dicendls
643 1704 760 1764 firmam
783 1699 982 1762 continuando
1004 1701 1104 1763 fldem.

437 1782 575 1863 Quidque
596 1785 692 1846 vetitis
715 1791 745 1846 et
766 1785 813 1846 his
834 1793 982 1864 praestata
1004 1783 1121 1846 ellentta
1145 1783 1236 1846 rebus

479 1868 592 1938 Dicite:
615 1887 744 1948 moxque
767 1867 859 1946 ligant
880 1868 927 1929 his
949 1887 1001 1930 sua
1023 1877 1092 1929 vota
1112 1868 1179 1928 lide.

436 1949 581 2013 Omnibus
602 1952 751 2013 adstrlctis
774 1953 903 2013 Aeneam
927 1950 1029 2012 deesse
1052 1949 1205 2032 patrandis

478 2033 584 2097 Noluit
606 2039 747 2106 Antenor,
771 2035 851 2096 unde
872 2044 993 2097 vocatus
1016 2035 1109 2097 adest.

437 2116 463 2181 0
486 2119 692 2183 Anchisiades!
716 2122 766 2191 ait,
788 2121 845 2182 ista
867 2119 1038 2199 frequentia
1061 2118 1130 2182 belii

480 2203 626 2268 Omnibus
649 2215 694 2269 est
715 2207 809 2277 oneri,
833 2205 962 2268 dicimur
984 2224 1056 2287 ergo
1080 2204 1143 2267 tibi.

440 2289 555 2353 Censeo
578 2291 763 2363 tradendam.
787 2299 818 2353 tu
841 2293 866 2354 sl
888 2293 1087 2363 consenseris,
1112 2290 1234 2361 nrbem;

480 2376 533 2439 Est
554 2394 642 2457 grave
665 2379 819 2459 perpetuis
841 2394 950 2456 corpus
971 2377 1097 2439 humare
1119 2374 1214 2439 malls.

439 2460 544 2523 Cautio
566 2462 646 2541 qnod
668 2461 764 2525 danda
787 2463 826 2524 sit
847 2462 883 2525 ad
907 2464 961 2525 ista
984 2463 1111 2542 negotia,
1135 2464 1225 2532 scitis,

478 2545 524 2610 Ne
546 2555 655 2610 noceat
676 2556 744 2612 voto
766 2548 947 2628 suspiciosus
969 2546 1069 2610 bomo.

438 2630 481 2694 Ad
505 2631 623 2695 Danaos
644 2636 763 2715 sapiens
785 2641 816 2699 et
838 2641 943 2695 cautus
964 2635 1086 2694 nuntius
1107 2632 1164 2695 ibit

480 2717 599 2780 Semina
622 2716 743 2781 consilii
765 2719 893 2780 seminet
914 2717 965 2780 ille
987 2717 1064 2781 duci.

441 2801 493 2866 ille
516 2802 680 2885 reportabit
701 2804 783 2884 pacis
806 2804 949 2868 tutamina
973 2803 1060 2867 nobis

481 2887 520 2952 lit
542 2889 647 2952 radant
670 2898 772 2953 nostra
794 2889 936 2953 liberiore
958 2891 1014 2953 via.
1361 2901 1411 2949 reu

439 2974 631 3038 Tardandum
655 2994 713 3040 non
737 2986 792 3048 cst,
816 2978 867 3040 sed
891 2985 923 3039 ut
946 2975 1147 3039 acceleremus
1171 2984 1298 3055 oportet,

483 3059 548 3122 Non
572 3062 684 3140 patltm·
707 3061 826 3139 longam
850 3061 938 3122 lectlo
961 3067 1062 3123 nostra
1085 3062 1215 3122 moram!

441 3143 525 3205 lianc
546 3143 701 3207 bominum
723 3149 817 3226 siquis
839 3145 985 3207 erudiverit
1007 3151 1084 3214 ante.
1108 3153 1233 3207 curante

479 3227 513 3287 ln
537 3236 668 3289 nostram
692 3228 779 3289 cedet
801 3231 938 3308 protinus
959 3226 1005 3288 illa
1031 3246 1150 3297 necem;

320 3330 328 3348 ·
440 3309 479 3371 m
500 3313 568 3389 qula
592 3329 647 3372 nos
669 3311 790 3373 Priamo
812 3329 916 3391 pacem
939 3313 1143 3391 persuasimus
1166 3310 1235 3371 olim
1360 3321 1409 3369 ree

478 3392 580 3460 ,instat
601 3395 736 3456 consiliis
756 3396 881 3457 forsitan
905 3395 955 3457 ille
978 3397 1078 3466 noris:

437 3528 639 3538 ...ω-α...-

507 3595 564 3648 188.
583 3595 701 3648 lormme
722 3594 883 3663 legendum:
911 3597 959 3649 sed
979 3597 1039 3649 alne
1059 3602 1140 3651 toste.
1245 3597 1408 3652 tumueras

437 3663 575 3716 nominet:
594 3663 744 3730 Ucalcyon.
816 3667 873 3722 170.
893 3665 952 3716 cod.
971 3664 1069 3718 Delon.
1134 3667 1191 3721 188.
1210 3663 1302 3718 Schol.
1323 3663 1410 3716 Gras-

439 3746 538 3783 corum.
645 3735 702 3784 192.
727 3733 777 3786 0v.
800 3733 866 3786 Mat.
886 3735 932 3798 lv,
955 3736 1012 3789 350.
1041 3735 1142 3800 vixque
1165 3749 1268 3785 morans
1290 3735 1406 3800 patitur.

440 3802 497 3854 193.
515 3799 601 3852 schol.
626 3817 682 3852 cur.
705 3799 793 3857 finem.
864 3805 920 3857 194.
940 3801 1024 3854 schol.
1044 3803 1109 3869 quia
1127 3803 1152 3854 si
1169 3802 1314 3854 consilinm
1332 3801 1409 3853 istud

437 3867 607 3920 intellexerit
631 3875 696 3920 sule
715 3869 796 3920 tinem
814 3870 965 3922 occidemur
983 3887 1000 3922 a
1020 3870 1139 3923 Priamo.
1244 3873 1302 3923 lat.
1321 3868 1407 3922 schol.

436 3936 497 3992 iile.
514 3937 597 3988 lectio
616 3938 662 3989 vel
681 3939 764 3989 aelio.
