<?xml version="1.0" encoding="UTF-8"?>
<!DOCTYPE html PUBLIC "-//W3C//DTD XHTML 1.0 Transitional//EN"
    "http://www.w3.org/TR/xhtml1/DTD/xhtml1-transitional.dtd">
<html xmlns="http://www.w3.org/1999/xhtml" xml:lang="en" lang="en">
 <head>
  <title>
</title>
<meta http-equiv="Content-Type" content="text/html;charset=utf-8" />
  <meta name='ocr-system' content='tesseract 3.04.00' />
  <meta name='ocr-capabilities' content='ocr_page ocr_carea ocr_par ocr_line ocrx_word'/>
</head>
<body>
  <div class='ocr_page' id='page_1' title='image "./troilusalbertis01albegoog_0218.png"; bbox 0 0 3372 4788; ppageno 0'>
   <div class='ocr_carea' id='block_1_1' title="bbox 625 661 1295 762">
    <p class='ocr_par' dir='ltr' id='par_1_1' title="bbox 625 661 1295 762">
     <span class='ocr_line' id='line_1_1' title="bbox 625 661 1295 762; baseline 0.024 -16"><span class='ocrx_word' id='word_1_1' title='bbox 625 696 690 750; x_wconf 75' lang='lat' dir='ltr'><strong>uro.</strong></span> <span class='ocrx_word' id='word_1_2' title='bbox 711 697 757 748; x_wconf 86' lang='lat' dir='ltr'><strong>vr.</strong></span> <span class='ocrx_word' id='word_1_3' title='bbox 794 700 984 754; x_wconf 56' lang='lat' dir='ltr'><strong>acu-ora.</strong></span> <span class='ocrx_word' id='word_1_4' title='bbox 1209 661 1295 762; x_wconf 81' lang='lat'>&#39;189</span> 
     </span>
    </p>
   </div>
   <div class='ocr_carea' id='block_1_2' title="bbox 315 848 1293 1347">
    <p class='ocr_par' dir='ltr' id='par_1_2' title="bbox 318 848 1135 1014">
     <span class='ocr_line' id='line_1_2' title="bbox 318 848 1135 932; baseline 0.005 -22"><span class='ocrx_word' id='word_1_5' title='bbox 318 848 369 910; x_wconf 87' lang='lat' dir='ltr'><strong>Sic</strong></span> <span class='ocrx_word' id='word_1_6' title='bbox 391 848 482 926; x_wconf 77' lang='lat' dir='ltr'><strong>igitur</strong></span> <span class='ocrx_word' id='word_1_7' title='bbox 504 849 643 911; x_wconf 76' lang='lat' dir='ltr'><strong>statuisse</strong></span> <span class='ocrx_word' id='word_1_8' title='bbox 667 849 777 921; x_wconf 87' lang='lat' dir='ltr'><strong>voiunt,</strong></span> <span class='ocrx_word' id='word_1_9' title='bbox 802 861 843 923; x_wconf 91' lang='lat' dir='ltr'><strong>ut,</strong></span> <span class='ocrx_word' id='word_1_10' title='bbox 867 851 987 932; x_wconf 87' lang='lat' dir='ltr'><strong>quando</strong></span> <span class='ocrx_word' id='word_1_11' title='bbox 1009 853 1135 922; x_wconf 80' lang='lat' dir='ltr'><strong>reniret.</strong></span> 
     </span>
     <span class='ocr_line' id='line_1_3' title="bbox 364 931 980 1014; baseline 0.01 -24"><span class='ocrx_word' id='word_1_12' title='bbox 364 931 432 993; x_wconf 85' lang='lat' dir='ltr'><strong>Veia</strong></span> <span class='ocrx_word' id='word_1_13' title='bbox 455 932 626 994; x_wconf 75' lang='lat' dir='ltr'>levarentur</span> <span class='ocrx_word' id='word_1_14' title='bbox 648 934 758 1003; x_wconf 86' lang='lat' dir='ltr'><strong>omnia,</strong></span> <span class='ocrx_word' id='word_1_15' title='bbox 783 937 883 1014; x_wconf 87' lang='lat' dir='ltr'><strong>quinta</strong></span> <span class='ocrx_word' id='word_1_16' title='bbox 906 935 980 996; x_wconf 71' lang='lat' dir='ltr'><strong>oties.</strong></span> 
     </span>
    </p>

    <p class='ocr_par' dir='ltr' id='par_1_3' title="bbox 315 1016 1087 1180">
     <span class='ocr_line' id='line_1_4' title="bbox 315 1016 1007 1091; baseline 0.006 -15"><span class='ocrx_word' id='word_1_17' title='bbox 315 1016 504 1091; x_wconf 76' lang='lat' dir='ltr'><strong>Propositum</strong></span> <span class='ocrx_word' id='word_1_18' title='bbox 527 1016 584 1078; x_wconf 84' lang='lat' dir='ltr'><strong>tate</strong></span> <span class='ocrx_word' id='word_1_19' title='bbox 608 1019 732 1078; x_wconf 82' lang='lat' dir='ltr'><strong>mutatio</strong></span> <span class='ocrx_word' id='word_1_20' title='bbox 755 1017 885 1080; x_wconf 86' lang='lat' dir='ltr'><strong>destruit</strong></span> <span class='ocrx_word' id='word_1_21' title='bbox 906 1037 1007 1088; x_wconf 87' lang='lat' dir='ltr'><strong>aurae,</strong></span> 
     </span>
     <span class='ocr_line' id='line_1_5' title="bbox 359 1096 1087 1180; baseline 0.008 -22"><span class='ocrx_word' id='word_1_22' title='bbox 359 1096 523 1160; x_wconf 80' lang='lat' dir='ltr'><strong>Sollicitum</strong></span> <span class='ocrx_word' id='word_1_23' title='bbox 546 1103 646 1161; x_wconf 84' lang='lat' dir='ltr'><strong>raucis</strong></span> <span class='ocrx_word' id='word_1_24' title='bbox 670 1120 739 1162; x_wconf 86' lang='lat' dir='ltr'><strong>uam</strong></span> <span class='ocrx_word' id='word_1_25' title='bbox 763 1119 845 1162; x_wconf 87' lang='lat' dir='ltr'><strong>marc</strong></span> <span class='ocrx_word' id='word_1_26' title='bbox 868 1102 962 1163; x_wconf 79' lang='lat' dir='ltr'><strong>irruet</strong></span> <span class='ocrx_word' id='word_1_27' title='bbox 984 1106 1087 1180; x_wconf 79' lang='lat' dir='ltr'><strong>aquis:</strong></span> 
     </span>
    </p>

    <p class='ocr_par' dir='ltr' id='par_1_4' title="bbox 315 1181 1293 1347">
     <span class='ocr_line' id='line_1_6' title="bbox 315 1181 1293 1264; baseline 0.004 -23"><span class='ocrx_word' id='word_1_28' title='bbox 315 1181 446 1259; x_wconf 77' lang='lat' dir='ltr'><strong>Tempus</strong></span> <span class='ocrx_word' id='word_1_29' title='bbox 469 1185 548 1244; x_wconf 88' lang='lat' dir='ltr'><strong>cuim</strong></span> <span class='ocrx_word' id='word_1_30' title='bbox 572 1184 640 1262; x_wconf 86' lang='lat' dir='ltr'><strong>quia</strong></span> <span class='ocrx_word' id='word_1_31' title='bbox 664 1202 718 1263; x_wconf 87' lang='lat' dir='ltr'><strong>par</strong></span> <span class='ocrx_word' id='word_1_32' title='bbox 741 1183 862 1264; x_wconf 79' lang='lat' dir='ltr'><strong>aliquod</strong></span> <span class='ocrx_word' id='word_1_33' title='bbox 887 1187 979 1246; x_wconf 90' lang='lat' dir='ltr'><strong>maris</strong></span> <span class='ocrx_word' id='word_1_34' title='bbox 1002 1189 1046 1247; x_wconf 88' lang='lat' dir='ltr'><strong>ira</strong></span> <span class='ocrx_word' id='word_1_35' title='bbox 1069 1185 1221 1249; x_wconf 84' lang='lat' dir='ltr'><strong>iromeiret</strong></span> <span class='ocrx_word' id='word_1_36' title='bbox 1242 1197 1293 1246; x_wconf 77' lang='lat' dir='ltr'><strong>oto</strong></span> 
     </span>
     <span class='ocr_line' id='line_1_7' title="bbox 358 1265 977 1347; baseline 0.006 -20"><span class='ocrx_word' id='word_1_37' title='bbox 358 1265 424 1328; x_wconf 85' lang='lat' dir='ltr'><strong>Nou</strong></span> <span class='ocrx_word' id='word_1_38' title='bbox 446 1276 586 1347; x_wconf 85' lang='lat' dir='ltr'><strong>poterant</strong></span> <span class='ocrx_word' id='word_1_39' title='bbox 607 1267 684 1330; x_wconf 87' lang='lat' dir='ltr'><strong>dicta</strong></span> <span class='ocrx_word' id='word_1_40' title='bbox 709 1267 770 1330; x_wconf 85' lang='lat' dir='ltr'><strong>ruia</strong></span> <span class='ocrx_word' id='word_1_41' title='bbox 794 1268 896 1332; x_wconf 85' lang='lat' dir='ltr'><strong>iurare</strong></span> <span class='ocrx_word' id='word_1_42' title='bbox 919 1269 977 1331; x_wconf 74' lang='lat' dir='ltr'><strong>(iia.</strong></span> 
     </span>
    </p>
   </div>
   <div class='ocr_carea' id='block_1_3' title="bbox 550 1433 1058 1505">
    <p class='ocr_par' dir='ltr' id='par_1_5' title="bbox 550 1433 1058 1505">
     <span class='ocr_line' id='line_1_8' title="bbox 550 1433 1058 1505; baseline 0.012 -18"><span class='ocrx_word' id='word_1_43' title='bbox 550 1433 760 1504; x_wconf 78' lang='lat' dir='ltr'><strong>[POLYXENA</strong></span> <span class='ocrx_word' id='word_1_44' title='bbox 776 1433 1058 1505; x_wconf 66' lang='lat' dir='ltr'><strong>lu&#39;l&#39;uurlctuuuu</strong></span> 
     </span>
    </p>
   </div>
   <div class='ocr_carea' id='block_1_4' title="bbox 315 1539 1291 3588">
    <p class='ocr_par' dir='ltr' id='par_1_6' title="bbox 317 1539 1156 2226">
     <span class='ocr_line' id='line_1_9' title="bbox 319 1539 1084 1623; baseline 0.004 -21"><span class='ocrx_word' id='word_1_45' title='bbox 319 1539 372 1602; x_wconf 84' lang='lat' dir='ltr'><strong>Est</strong></span> <span class='ocrx_word' id='word_1_46' title='bbox 393 1539 470 1621; x_wconf 85' lang='lat' dir='ltr'><strong>apud</strong></span> <span class='ocrx_word' id='word_1_47' title='bbox 493 1543 623 1604; x_wconf 79' lang='lat' dir='ltr'>Aeneam</span> <span class='ocrx_word' id='word_1_48' title='bbox 646 1550 761 1605; x_wconf 84' lang='lat' dir='ltr'><strong>serrata</strong></span> <span class='ocrx_word' id='word_1_49' title='bbox 784 1541 945 1623; x_wconf 75' lang='lat' dir='ltr'><strong>Polyxena,</strong></span> <span class='ocrx_word' id='word_1_50' title='bbox 970 1543 1084 1623; x_wconf 68' lang='lat' dir='ltr'><strong>Pyrrho</strong></span> 
     </span>
     <span class='ocr_line' id='line_1_10' title="bbox 361 1624 1026 1705; baseline 0.005 -19"><span class='ocrx_word' id='word_1_51' title='bbox 361 1624 394 1686; x_wconf 87' lang='lat' dir='ltr'><strong>lu</strong></span> <span class='ocrx_word' id='word_1_52' title='bbox 417 1625 578 1690; x_wconf 78' lang='lat' dir='ltr'><strong>thalamum</strong></span> <span class='ocrx_word' id='word_1_53' title='bbox 603 1628 711 1688; x_wconf 82' lang='lat' dir='ltr'><strong>meotis</strong></span> <span class='ocrx_word' id='word_1_54' title='bbox 733 1626 796 1705; x_wconf 83' lang='lat' dir='ltr'><strong>rjus</strong></span> <span class='ocrx_word' id='word_1_55' title='bbox 817 1629 915 1705; x_wconf 77' lang='lat' dir='ltr'><strong>imago</strong></span> <span class='ocrx_word' id='word_1_56' title='bbox 938 1627 1026 1690; x_wconf 86' lang='lat' dir='ltr'><strong>cadit.</strong></span> 
     </span>
     <span class='ocr_line' id='line_1_11' title="bbox 320 1709 1057 1792; baseline 0.003 -20"><span class='ocrx_word' id='word_1_57' title='bbox 320 1709 424 1772; x_wconf 84' lang='lat' dir='ltr'><strong>Nonne</strong></span> <span class='ocrx_word' id='word_1_58' title='bbox 447 1729 514 1773; x_wconf 91' lang='lat' dir='ltr'><strong>meo</strong></span> <span class='ocrx_word' id='word_1_59' title='bbox 535 1713 613 1792; x_wconf 85' lang='lat' dir='ltr'><strong>patri</strong></span> <span class='ocrx_word' id='word_1_60' title='bbox 636 1713 693 1775; x_wconf 88' lang='lat' dir='ltr'><strong>iuit</strong></span> <span class='ocrx_word' id='word_1_61' title='bbox 715 1710 789 1773; x_wconf 85' lang='lat' dir='ltr'><strong>iraoc</strong></span> <span class='ocrx_word' id='word_1_62' title='bbox 810 1714 928 1775; x_wconf 84' lang='lat' dir='ltr'><strong>occasio</strong></span> <span class='ocrx_word' id='word_1_63' title='bbox 950 1715 1057 1776; x_wconf 88' lang='lat' dir='ltr'><strong>urortis</strong></span> 
     </span>
     <span class='ocr_line' id='line_1_12' title="bbox 362 1795 1003 1880; baseline 0.003 -22"><span class='ocrx_word' id='word_1_64' title='bbox 362 1795 486 1876; x_wconf 81' lang='lat' dir='ltr'><strong>Cogitet,</strong></span> <span class='ocrx_word' id='word_1_65' title='bbox 509 1806 540 1858; x_wconf 91' lang='lat' dir='ltr'><strong>ct</strong></span> <span class='ocrx_word' id='word_1_66' title='bbox 561 1797 661 1860; x_wconf 90' lang='lat' dir='ltr'><strong>studio</strong></span> <span class='ocrx_word' id='word_1_67' title='bbox 683 1799 814 1880; x_wconf 82' lang='lat' dir='ltr'><strong>pectoris</strong></span> <span class='ocrx_word' id='word_1_68' title='bbox 836 1799 892 1860; x_wconf 85' lang='lat' dir='ltr'><strong>istu</strong></span> <span class='ocrx_word' id='word_1_69' title='bbox 916 1807 1003 1860; x_wconf 86' lang='lat' dir='ltr'><strong>rotat.</strong></span> 
     </span>
     <span class='ocr_line' id='line_1_13' title="bbox 317 1881 1103 1968; baseline 0.005 -23"><span class='ocrx_word' id='word_1_70' title='bbox 317 1881 478 1965; x_wconf 72' lang='lat' dir='ltr'><strong>&#39;Pcrrrporu</strong></span> <span class='ocrx_word' id='word_1_71' title='bbox 503 1901 563 1964; x_wconf 81' lang='lat' dir='ltr'><strong>quo</strong></span> <span class='ocrx_word' id='word_1_72' title='bbox 586 1883 695 1948; x_wconf 77' lang='lat' dir='ltr'><strong>Priami</strong></span> <span class='ocrx_word' id='word_1_73' title='bbox 718 1885 774 1948; x_wconf 83' lang='lat' dir='ltr'><strong>suit</strong></span> <span class='ocrx_word' id='word_1_74' title='bbox 796 1905 812 1948; x_wconf 87' lang='lat' dir='ltr'><strong>a</strong></span> <span class='ocrx_word' id='word_1_75' title='bbox 836 1903 883 1948; x_wconf 89' lang='lat' dir='ltr'><strong>ma</strong></span> <span class='ocrx_word' id='word_1_76' title='bbox 906 1887 988 1968; x_wconf 81' lang='lat' dir='ltr'><strong>rugia</strong></span> <span class='ocrx_word' id='word_1_77' title='bbox 1013 1887 1103 1950; x_wconf 79' lang='lat' dir='ltr'><strong>fructa</strong></span> 
     </span>
     <span class='ocr_line' id='line_1_14' title="bbox 363 1969 972 2053; baseline 0.007 -22"><span class='ocrx_word' id='word_1_78' title='bbox 363 1969 445 2032; x_wconf 89' lang='lat' dir='ltr'><strong>iianc</strong></span> <span class='ocrx_word' id='word_1_79' title='bbox 466 1970 507 2032; x_wconf 84' lang='lat' dir='ltr'><strong>ibi</strong></span> <span class='ocrx_word' id='word_1_80' title='bbox 533 1989 592 2035; x_wconf 89' lang='lat' dir='ltr'><strong>uon</strong></span> <span class='ocrx_word' id='word_1_81' title='bbox 615 1971 686 2043; x_wconf 82' lang='lat' dir='ltr'><strong>ridi,</strong></span> <span class='ocrx_word' id='word_1_82' title='bbox 710 1973 881 2053; x_wconf 83' lang='lat' dir='ltr'><strong>reperietur</strong></span> <span class='ocrx_word' id='word_1_83' title='bbox 902 1972 972 2036; x_wconf 74' lang='lat' dir='ltr'><strong>uid?</strong></span> 
     </span>
     <span class='ocr_line' id='line_1_15' title="bbox 317 2056 1156 2142; baseline 0.005 -24"><span class='ocrx_word' id='word_1_84' title='bbox 317 2056 582 2136; x_wconf 78' lang='lat' dir='ltr'><strong>Odgamomnoni</strong></span> <span class='ocrx_word' id='word_1_85' title='bbox 605 2059 643 2120; x_wconf 86' lang='lat' dir='ltr'><strong>ait</strong></span> <span class='ocrx_word' id='word_1_86' title='bbox 668 2057 703 2121; x_wconf 87' lang='lat' dir='ltr'><strong>ad</strong></span> <span class='ocrx_word' id='word_1_87' title='bbox 727 2076 840 2139; x_wconf 82' lang='lat' dir='ltr'><strong>regam.</strong></span> <span class='ocrx_word' id='word_1_88' title='bbox 864 2078 923 2142; x_wconf 85' lang='lat' dir='ltr'><strong>quo</strong></span> <span class='ocrx_word' id='word_1_89' title='bbox 947 2069 1047 2123; x_wconf 84' lang='lat' dir='ltr'><strong>tauron</strong></span> <span class='ocrx_word' id='word_1_90' title='bbox 1070 2070 1156 2123; x_wconf 81' lang='lat' dir='ltr'><strong>antro</strong></span> 
     </span>
     <span class='ocr_line' id='line_1_16' title="bbox 360 2141 1015 2226; baseline 0.008 -24"><span class='ocrx_word' id='word_1_91' title='bbox 360 2141 442 2204; x_wconf 80' lang='lat' dir='ltr'><strong>idaeo</strong></span> <span class='ocrx_word' id='word_1_92' title='bbox 463 2141 559 2206; x_wconf 82' lang='lat' dir='ltr'><strong>latitat</strong></span> <span class='ocrx_word' id='word_1_93' title='bbox 582 2145 663 2224; x_wconf 80' lang='lat' dir='ltr'><strong>virgo</strong></span> <span class='ocrx_word' id='word_1_94' title='bbox 686 2144 816 2226; x_wconf 82' lang='lat' dir='ltr'><strong>condita,</strong></span> <span class='ocrx_word' id='word_1_95' title='bbox 838 2146 916 2206; x_wconf 87' lang='lat' dir='ltr'><strong>scira</strong></span> <span class='ocrx_word' id='word_1_96' title='bbox 940 2143 1015 2207; x_wconf 82' lang='lat' dir='ltr'><strong>volo.</strong></span> 
     </span>
    </p>

    <p class='ocr_par' dir='ltr' id='par_1_7' title="bbox 316 2226 1291 2478">
     <span class='ocr_line' id='line_1_17' title="bbox 316 2226 1291 2308; baseline 0.003 -19"><span class='ocrx_word' id='word_1_97' title='bbox 316 2226 382 2289; x_wconf 86' lang='lat' dir='ltr'><strong>Nou</strong></span> <span class='ocrx_word' id='word_1_98' title='bbox 407 2228 527 2290; x_wconf 88' lang='lat' dir='ltr'><strong>memini</strong></span> <span class='ocrx_word' id='word_1_99' title='bbox 552 2247 600 2290; x_wconf 90' lang='lat' dir='ltr'><strong>me</strong></span> <span class='ocrx_word' id='word_1_100' title='bbox 622 2232 714 2308; x_wconf 87' lang='lat' dir='ltr'><strong>patris</strong></span> <span class='ocrx_word' id='word_1_101' title='bbox 738 2249 801 2290; x_wconf 77' lang='lat' dir='ltr'><strong>mm</strong></span> <span class='ocrx_word' id='word_1_102' title='bbox 826 2229 932 2292; x_wconf 87' lang='lat' dir='ltr'><strong>vidisse</strong></span> <span class='ocrx_word' id='word_1_103' title='bbox 955 2231 1011 2293; x_wconf 88' lang='lat' dir='ltr'><strong>sub</strong></span> <span class='ocrx_word' id='word_1_104' title='bbox 1034 2230 1152 2308; x_wconf 82' lang='lat' dir='ltr'><strong>umbra,</strong></span> <span class='ocrx_word' id='word_1_105' title='bbox 1241 2243 1291 2292; x_wconf 80' lang='lat' dir='ltr'><strong>ooo</strong></span> 
     </span>
     <span class='ocr_line' id='line_1_18' title="bbox 359 2309 1106 2392; baseline 0.004 -20"><span class='ocrx_word' id='word_1_106' title='bbox 359 2309 420 2372; x_wconf 88' lang='lat' dir='ltr'><strong>Nec</strong></span> <span class='ocrx_word' id='word_1_107' title='bbox 443 2314 515 2382; x_wconf 83' lang='lat' dir='ltr'><strong>scio,</strong></span> <span class='ocrx_word' id='word_1_108' title='bbox 539 2312 618 2392; x_wconf 85' lang='lat' dir='ltr'><strong>quod</strong></span> <span class='ocrx_word' id='word_1_109' title='bbox 643 2312 742 2374; x_wconf 80' lang='lat' dir='ltr'><strong>tulerit</strong></span> <span class='ocrx_word' id='word_1_110' title='bbox 764 2312 886 2374; x_wconf 82' lang='lat' dir='ltr'><strong>liecuira</strong></span> <span class='ocrx_word' id='word_1_111' title='bbox 910 2322 1007 2376; x_wconf 85' lang='lat' dir='ltr'><strong>mator</strong></span> <span class='ocrx_word' id='word_1_112' title='bbox 1031 2333 1106 2377; x_wconf 83' lang='lat' dir='ltr'><strong>cam.</strong></span> 
     </span>
     <span class='ocr_line' id='line_1_19' title="bbox 318 2394 1158 2478; baseline 0.004 -22"><span class='ocrx_word' id='word_1_113' title='bbox 318 2394 455 2474; x_wconf 87' lang='lat' dir='ltr'><strong>Undique</strong></span> <span class='ocrx_word' id='word_1_114' title='bbox 478 2414 530 2457; x_wconf 84' lang='lat' dir='ltr'><strong>rex</strong></span> <span class='ocrx_word' id='word_1_115' title='bbox 556 2401 674 2473; x_wconf 85' lang='lat' dir='ltr'><strong>quaerit</strong></span> <span class='ocrx_word' id='word_1_116' title='bbox 696 2415 752 2477; x_wconf 86' lang='lat' dir='ltr'><strong>pro</strong></span> <span class='ocrx_word' id='word_1_117' title='bbox 776 2399 901 2476; x_wconf 79' lang='lat' dir='ltr'><strong>virgine,</strong></span> <span class='ocrx_word' id='word_1_118' title='bbox 927 2399 1037 2459; x_wconf 87' lang='lat' dir='ltr'><strong>mentio</strong></span> <span class='ocrx_word' id='word_1_119' title='bbox 1060 2402 1158 2478; x_wconf 83' lang='lat' dir='ltr'><strong>surgit</strong></span> 
     </span>
    </p>

    <p class='ocr_par' dir='ltr' id='par_1_8' title="bbox 315 2477 1220 3588">
     <span class='ocr_line' id='line_1_20' title="bbox 358 2477 1042 2561; baseline 0.004 -21"><span class='ocrx_word' id='word_1_120' title='bbox 358 2477 441 2549; x_wconf 85' lang='lat' dir='ltr'><strong>Quod</strong></span> <span class='ocrx_word' id='word_1_121' title='bbox 464 2481 506 2540; x_wconf 88' lang='lat' dir='ltr'><strong>sit</strong></span> <span class='ocrx_word' id='word_1_122' title='bbox 528 2478 565 2542; x_wconf 86' lang='lat' dir='ltr'><strong>ab</strong></span> <span class='ocrx_word' id='word_1_123' title='bbox 588 2484 686 2542; x_wconf 75' lang='lat' dir='ltr'><strong>Aenea</strong></span> <span class='ocrx_word' id='word_1_124' title='bbox 710 2480 819 2541; x_wconf 79' lang='lat' dir='ltr'><strong>tradita</strong></span> <span class='ocrx_word' id='word_1_125' title='bbox 844 2484 930 2561; x_wconf 75' lang='lat' dir='ltr'><strong>virgo</strong></span> <span class='ocrx_word' id='word_1_126' title='bbox 954 2485 1042 2560; x_wconf 83' lang='lat' dir='ltr'><strong>patri.</strong></span> 
     </span>
     <span class='ocr_line' id='line_1_21' title="bbox 315 2563 1103 2646; baseline 0.003 -22"><span class='ocrx_word' id='word_1_127' title='bbox 315 2563 378 2624; x_wconf 81' lang='lat' dir='ltr'><strong>Rex</strong></span> <span class='ocrx_word' id='word_1_128' title='bbox 403 2571 486 2625; x_wconf 89' lang='lat' dir='ltr'><strong>rocat</strong></span> <span class='ocrx_word' id='word_1_129' title='bbox 507 2566 647 2642; x_wconf 72' lang='lat' dir='ltr'><strong>doricam.</strong></span> <span class='ocrx_word' id='word_1_130' title='bbox 694 2566 753 2626; x_wconf 88' lang='lat' dir='ltr'><strong>Cur</strong></span> <span class='ocrx_word' id='word_1_131' title='bbox 776 2585 830 2626; x_wconf 85' lang='lat' dir='ltr'><strong>uos</strong></span> <span class='ocrx_word' id='word_1_132' title='bbox 856 2571 953 2628; x_wconf 76' lang='lat' dir='ltr'><strong>terrea</strong></span> <span class='ocrx_word' id='word_1_133' title='bbox 979 2567 1103 2646; x_wconf 75' lang='lat' dir='ltr'><strong>fatigas?</strong></span> 
     </span>
     <span class='ocr_line' id='line_1_22' title="bbox 360 2646 1034 2732; baseline 0.007 -24"><span class='ocrx_word' id='word_1_134' title='bbox 360 2646 470 2720; x_wconf 83' lang='lat' dir='ltr'><strong>iutuiit,</strong></span> <span class='ocrx_word' id='word_1_135' title='bbox 495 2657 527 2710; x_wconf 91' lang='lat' dir='ltr'><strong>ut</strong></span> <span class='ocrx_word' id='word_1_136' title='bbox 550 2651 655 2722; x_wconf 65' lang='lat' dir='ltr'><strong>croniet,</strong></span> <span class='ocrx_word' id='word_1_137' title='bbox 680 2648 766 2732; x_wconf 81' lang='lat' dir='ltr'><strong>pede,</strong></span> <span class='ocrx_word' id='word_1_138' title='bbox 791 2649 899 2732; x_wconf 69' lang='lat' dir='ltr'><strong>rrrrciio.</strong></span> <span class='ocrx_word' id='word_1_139' title='bbox 925 2671 1034 2713; x_wconf 75' lang='lat' dir='ltr'><strong>moros</strong></span> 
     </span>
     <span class='ocr_line' id='line_1_23' title="bbox 315 2735 1057 2815; baseline 0 -18"><span class='ocrx_word' id='word_1_140' title='bbox 315 2737 432 2797; x_wconf 75' lang='lat' dir='ltr'><strong>deneas</strong></span> <span class='ocrx_word' id='word_1_141' title='bbox 454 2737 529 2814; x_wconf 86' lang='lat' dir='ltr'><strong>petit</strong></span> <span class='ocrx_word' id='word_1_142' title='bbox 551 2735 725 2805; x_wconf 76' lang='lat' dir='ltr'><strong>Anchisem:</strong></span> <span class='ocrx_word' id='word_1_143' title='bbox 749 2735 925 2813; x_wconf 79' lang='lat' dir='ltr'><strong>virguncula</strong></span> <span class='ocrx_word' id='word_1_144' title='bbox 949 2737 1057 2815; x_wconf 77' lang='lat' dir='ltr'><strong>prodit,</strong></span> 
     </span>
     <span class='ocr_line' id='line_1_24' title="bbox 367 2819 1039 2900; baseline 0.003 -20"><span class='ocrx_word' id='word_1_145' title='bbox 367 2819 490 2882; x_wconf 80' lang='lat' dir='ltr'><strong>Parcitur</strong></span> <span class='ocrx_word' id='word_1_146' title='bbox 512 2819 549 2882; x_wconf 84' lang='lat' dir='ltr'><strong>ad</strong></span> <span class='ocrx_word' id='word_1_147' title='bbox 572 2838 674 2900; x_wconf 82' lang='lat' dir='ltr'><strong>regem</strong></span> <span class='ocrx_word' id='word_1_148' title='bbox 698 2831 777 2882; x_wconf 80' lang='lat' dir='ltr'><strong>curto</strong></span> <span class='ocrx_word' id='word_1_149' title='bbox 801 2820 903 2882; x_wconf 75' lang='lat' dir='ltr'><strong>sumre</strong></span> <span class='ocrx_word' id='word_1_150' title='bbox 925 2840 1039 2882; x_wconf 83' lang='lat' dir='ltr'><strong>necem.</strong></span> 
     </span>
     <span class='ocr_line' id='line_1_25' title="bbox 319 2903 1116 2986; baseline 0.004 -21"><span class='ocrx_word' id='word_1_151' title='bbox 319 2903 381 2966; x_wconf 78' lang='lat' dir='ltr'><strong>iios</strong></span> <span class='ocrx_word' id='word_1_152' title='bbox 405 2903 520 2986; x_wconf 78' lang='lat' dir='ltr'><strong>Pyrrho</strong></span> <span class='ocrx_word' id='word_1_153' title='bbox 542 2915 711 2986; x_wconf 83' lang='lat' dir='ltr'><strong>praesentat</strong></span> <span class='ocrx_word' id='word_1_154' title='bbox 739 2926 813 2976; x_wconf 73' lang='lat' dir='ltr'><strong>corre,</strong></span> <span class='ocrx_word' id='word_1_155' title='bbox 837 2910 984 2969; x_wconf 81' lang='lat' dir='ltr'><strong>sententia</strong></span> <span class='ocrx_word' id='word_1_156' title='bbox 1008 2905 1116 2986; x_wconf 78' lang='lat' dir='ltr'><strong>Pyrrhi</strong></span> 
     </span>
     <span class='ocr_line' id='line_1_26' title="bbox 362 2989 1033 3069; baseline 0.004 -19"><span class='ocrx_word' id='word_1_157' title='bbox 362 2989 448 3050; x_wconf 85' lang='lat' dir='ltr'><strong>Extat</strong></span> <span class='ocrx_word' id='word_1_158' title='bbox 470 2996 503 3050; x_wconf 91' lang='lat' dir='ltr'><strong>ut</strong></span> <span class='ocrx_word' id='word_1_159' title='bbox 525 2991 680 3052; x_wconf 85' lang='lat' dir='ltr'><strong>interitum</strong></span> <span class='ocrx_word' id='word_1_160' title='bbox 706 2993 801 3068; x_wconf 76' lang='lat' dir='ltr'><strong>patris</strong></span> <span class='ocrx_word' id='word_1_161' title='bbox 823 3000 853 3053; x_wconf 86' lang='lat' dir='ltr'><strong>et</strong></span> <span class='ocrx_word' id='word_1_162' title='bbox 875 2993 938 3069; x_wconf 82' lang='lat' dir='ltr'><strong>ipsa</strong></span> <span class='ocrx_word' id='word_1_163' title='bbox 962 2991 1033 3053; x_wconf 91' lang='lat' dir='ltr'><strong>iuat.</strong></span> 
     </span>
     <span class='ocr_line' id='line_1_27' title="bbox 321 3072 1096 3156; baseline 0.004 -23"><span class='ocrx_word' id='word_1_164' title='bbox 321 3072 492 3135; x_wconf 83' lang='lat' dir='ltr'><strong>Detrairitur</strong></span> <span class='ocrx_word' id='word_1_165' title='bbox 514 3084 637 3145; x_wconf 84' lang='lat' dir='ltr'><strong>moesta,</strong></span> <span class='ocrx_word' id='word_1_166' title='bbox 661 3077 815 3156; x_wconf 79' lang='lat' dir='ltr'><strong>scissaque</strong></span> <span class='ocrx_word' id='word_1_167' title='bbox 838 3074 986 3156; x_wconf 78' lang='lat' dir='ltr'><strong>Polyaeno</strong></span> <span class='ocrx_word' id='word_1_168' title='bbox 1010 3075 1096 3156; x_wconf 82' lang='lat' dir='ltr'><strong>palia,</strong></span> 
     </span>
     <span class='ocr_line' id='line_1_28' title="bbox 359 3157 1015 3239; baseline 0.002 -19"><span class='ocrx_word' id='word_1_169' title='bbox 359 3158 395 3219; x_wconf 80' lang='lat' dir='ltr'><strong>Et</strong></span> <span class='ocrx_word' id='word_1_170' title='bbox 418 3166 506 3220; x_wconf 88' lang='lat' dir='ltr'><strong>nocet</strong></span> <span class='ocrx_word' id='word_1_171' title='bbox 528 3157 650 3222; x_wconf 76' lang='lat' dir='ltr'><strong>alterius</strong></span> <span class='ocrx_word' id='word_1_172' title='bbox 674 3179 732 3221; x_wconf 90' lang='lat' dir='ltr'><strong>uon</strong></span> <span class='ocrx_word' id='word_1_173' title='bbox 757 3179 809 3222; x_wconf 84' lang='lat' dir='ltr'><strong>suo</strong></span> <span class='ocrx_word' id='word_1_174' title='bbox 834 3159 921 3239; x_wconf 83' lang='lat' dir='ltr'><strong>culpa</strong></span> <span class='ocrx_word' id='word_1_175' title='bbox 945 3160 1015 3221; x_wconf 84' lang='lat' dir='ltr'><strong>sibi.</strong></span> 
     </span>
     <span class='ocr_line' id='line_1_29' title="bbox 318 3243 1220 3326; baseline -0.001 -19"><span class='ocrx_word' id='word_1_176' title='bbox 318 3243 362 3307; x_wconf 80' lang='lat' dir='ltr'><strong>ud</strong></span> <span class='ocrx_word' id='word_1_177' title='bbox 386 3245 514 3325; x_wconf 86' lang='lat' dir='ltr'><strong>patrium</strong></span> <span class='ocrx_word' id='word_1_178' title='bbox 534 3244 651 3325; x_wconf 84' lang='lat' dir='ltr'><strong>jugulat</strong></span> <span class='ocrx_word' id='word_1_179' title='bbox 673 3245 835 3308; x_wconf 83' lang='lat' dir='ltr'><strong>detractam</strong></span> <span class='ocrx_word' id='word_1_180' title='bbox 859 3247 917 3309; x_wconf 90' lang='lat' dir='ltr'><strong>tiro</strong></span> <span class='ocrx_word' id='word_1_181' title='bbox 939 3245 1121 3326; x_wconf 82' lang='lat' dir='ltr'><strong>sepulcrum,</strong></span> <span class='ocrx_word' id='word_1_182' title='bbox 1218 3257 1220 3262; x_wconf 82' lang='lat'>&#39;</span> 
     </span>
     <span class='ocr_line' id='line_1_30' title="bbox 362 3329 1030 3411; baseline -0.003 -17"><span class='ocrx_word' id='word_1_183' title='bbox 362 3330 480 3394; x_wconf 85' lang='lat' dir='ltr'><strong>Occidit</strong></span> <span class='ocrx_word' id='word_1_184' title='bbox 502 3329 559 3395; x_wconf 87' lang='lat' dir='ltr'><strong>hoc</strong></span> <span class='ocrx_word' id='word_1_185' title='bbox 583 3333 693 3394; x_wconf 83' lang='lat' dir='ltr'><strong>misero</strong></span> <span class='ocrx_word' id='word_1_186' title='bbox 716 3333 798 3411; x_wconf 82' lang='lat' dir='ltr'><strong>rogia</strong></span> <span class='ocrx_word' id='word_1_187' title='bbox 823 3335 907 3411; x_wconf 82' lang='lat' dir='ltr'><strong>virgo</strong></span> <span class='ocrx_word' id='word_1_188' title='bbox 931 3331 1030 3392; x_wconf 86' lang='lat' dir='ltr'><strong>modo.</strong></span> 
     </span>
     <span class='ocr_line' id='line_1_31' title="bbox 320 3416 1088 3500; baseline 0.003 -22"><span class='ocrx_word' id='word_1_189' title='bbox 320 3417 379 3479; x_wconf 77' lang='lat' dir='ltr'><strong>iios</strong></span> <span class='ocrx_word' id='word_1_190' title='bbox 404 3416 614 3481; x_wconf 79' lang='lat' dir='ltr'><strong>ducitisiadom</strong></span> <span class='ocrx_word' id='word_1_191' title='bbox 639 3437 692 3500; x_wconf 77' lang='lat' dir='ltr'><strong>pro</strong></span> <span class='ocrx_word' id='word_1_192' title='bbox 716 3418 817 3482; x_wconf 84' lang='lat' dir='ltr'><strong>clausu</strong></span> <span class='ocrx_word' id='word_1_193' title='bbox 841 3419 956 3500; x_wconf 77' lang='lat' dir='ltr'><strong>uirgine</strong></span> <span class='ocrx_word' id='word_1_194' title='bbox 979 3416 1088 3500; x_wconf 78' lang='lat' dir='ltr'><strong>crripat,</strong></span> 
     </span>
     <span class='ocr_line' id='line_1_32' title="bbox 362 3503 1044 3588; baseline -0.004 -20"><span class='ocrx_word' id='word_1_195' title='bbox 362 3506 418 3579; x_wconf 79' lang='lat' dir='ltr'><strong>Oui</strong></span> <span class='ocrx_word' id='word_1_196' title='bbox 439 3503 525 3584; x_wconf 83' lang='lat' dir='ltr'><strong>jrrbet</strong></span> <span class='ocrx_word' id='word_1_197' title='bbox 547 3515 578 3568; x_wconf 92' lang='lat' dir='ltr'><strong>ut</strong></span> <span class='ocrx_word' id='word_1_198' title='bbox 600 3507 694 3576; x_wconf 76' lang='lat' dir='ltr'><strong>uectat.</strong></span> <span class='ocrx_word' id='word_1_199' title='bbox 719 3507 810 3570; x_wconf 83' lang='lat' dir='ltr'><strong>ultera</strong></span> <span class='ocrx_word' id='word_1_200' title='bbox 836 3525 927 3587; x_wconf 81' lang='lat' dir='ltr'><strong>regua</strong></span> <span class='ocrx_word' id='word_1_201' title='bbox 952 3514 1044 3588; x_wconf 79' lang='lat' dir='ltr'><strong>potat.</strong></span> 
     </span>
    </p>
   </div>
   <div class='ocr_carea' id='block_1_5' title="bbox 482 3656 1131 3740">
    <p class='ocr_par' dir='ltr' id='par_1_9' title="bbox 482 3656 1131 3740">
     <span class='ocr_line' id='line_1_33' title="bbox 482 3656 1131 3740; baseline 0.002 -28"><span class='ocrx_word' id='word_1_202' title='bbox 482 3656 618 3738; x_wconf 78' lang='lat' dir='ltr'><strong>[POETA</strong></span> <span class='ocrx_word' id='word_1_203' title='bbox 636 3657 826 3740; x_wconf 73' lang='lat' dir='ltr'><strong>LOQUITUR</strong></span> <span class='ocrx_word' id='word_1_204' title='bbox 843 3657 892 3713; x_wconf 79' lang='lat' dir='ltr'><strong>DE</strong></span> <span class='ocrx_word' id='word_1_205' title='bbox 911 3657 1022 3713; x_wconf 79' lang='lat' dir='ltr'><strong>LIBRO</strong></span> <span class='ocrx_word' id='word_1_206' title='bbox 1041 3657 1131 3727; x_wconf 79' lang='lat' dir='ltr'><strong>suu}</strong></span> 
     </span>
    </p>
   </div>
   <div class='ocr_carea' id='block_1_6' title="bbox 321 3763 1069 3954">
    <p class='ocr_par' dir='ltr' id='par_1_10' title="bbox 321 3763 1069 3954">
     <span class='ocr_line' id='line_1_34' title="bbox 321 3763 1069 3844; baseline 0.004 -21"><span class='ocrx_word' id='word_1_207' title='bbox 321 3763 451 3843; x_wconf 78' lang='lat' dir='ltr'><strong>Virginis</strong></span> <span class='ocrx_word' id='word_1_208' title='bbox 473 3783 489 3824; x_wconf 87' lang='lat' dir='ltr'><strong>a</strong></span> <span class='ocrx_word' id='word_1_209' title='bbox 512 3774 600 3844; x_wconf 81' lang='lat' dir='ltr'><strong>partu</strong></span> <span class='ocrx_word' id='word_1_210' title='bbox 623 3764 682 3826; x_wconf 92' lang='lat' dir='ltr'><strong>duc</strong></span> <span class='ocrx_word' id='word_1_211' title='bbox 703 3785 798 3827; x_wconf 72' lang='lat' dir='ltr'><strong>aureos</strong></span> <span class='ocrx_word' id='word_1_212' title='bbox 821 3765 900 3827; x_wconf 86' lang='lat' dir='ltr'><strong>ruiiic</strong></span> <span class='ocrx_word' id='word_1_213' title='bbox 923 3766 1069 3828; x_wconf 81' lang='lat' dir='ltr'><strong>ducentos</strong></span> 
     </span>
     <span class='ocr_line' id='line_1_35' title="bbox 363 3847 998 3954; baseline 0.005 -45"><span class='ocrx_word' id='word_1_214' title='bbox 363 3847 399 3909; x_wconf 80' lang='lat' dir='ltr'><strong>Et</strong></span> <span class='ocrx_word' id='word_1_215' title='bbox 420 3847 628 3928; x_wconf 75' lang='lat' dir='ltr'><strong>quadragenos</strong></span> <span class='ocrx_word' id='word_1_216' title='bbox 651 3850 698 3954; x_wconf 66' lang='lat' dir='ltr'><strong>his</strong></span> <span class='ocrx_word' id='word_1_217' title='bbox 720 3849 861 3911; x_wconf 78' lang='lat' dir='ltr'><strong>sociando</strong></span> <span class='ocrx_word' id='word_1_218' title='bbox 883 3867 998 3921; x_wconf 85' lang='lat' dir='ltr'><strong>norem,</strong></span> 
     </span>
    </p>
   </div>
   <div class='ocr_carea' id='block_1_7' title="bbox 321 3969 525 3980">
    <p class='ocr_par' dir='ltr' id='par_1_11' title="bbox 321 3969 525 3980">
     <span class='ocr_line' id='line_1_36' title="bbox 321 3969 525 3980; baseline 0.015 -4"><span class='ocrx_word' id='word_1_219' title='bbox 321 3969 346 3976; x_wconf 45' lang='lat'><strong>11-</strong></span> <span class='ocrx_word' id='word_1_220' title='bbox 355 3969 525 3980; x_wconf 51' lang='lat' dir='ltr'><strong>-.uro-u...—</strong></span> 
     </span>
    </p>
   </div>
   <div class='ocr_carea' id='block_1_8' title="bbox 388 4018 1292 4088">
    <p class='ocr_par' dir='ltr' id='par_1_12' title="bbox 388 4018 1292 4088">
     <span class='ocr_line' id='line_1_37' title="bbox 388 4018 1292 4088; baseline 0.002 -16"><span class='ocrx_word' id='word_1_221' title='bbox 388 4020 446 4072; x_wconf 78' lang='lat' dir='ltr'><strong>otu.</strong></span> <span class='ocrx_word' id='word_1_222' title='bbox 467 4019 558 4073; x_wconf 82' lang='lat' dir='ltr'><strong>Scirol.</strong></span> <span class='ocrx_word' id='word_1_223' title='bbox 572 4018 722 4072; x_wconf 79' lang='lat' dir='ltr'><strong>Anchisae.</strong></span> <span class='ocrx_word' id='word_1_224' title='bbox 763 4022 823 4072; x_wconf 71' lang='lat' dir='ltr'><strong>dii.</strong></span> <span class='ocrx_word' id='word_1_225' title='bbox 844 4021 989 4088; x_wconf 74' lang='lat' dir='ltr'><strong>bopponis.</strong></span> <span class='ocrx_word' id='word_1_226' title='bbox 1008 4019 1164 4088; x_wconf 83' lang='lat' dir='ltr'><strong>superadde</strong></span> <span class='ocrx_word' id='word_1_227' title='bbox 1184 4035 1292 4074; x_wconf 80' lang='lat' dir='ltr'><strong>uorem.</strong></span> 
     </span>
    </p>
   </div>
   <div class='ocr_carea' id='block_1_9' title="bbox 0 0 1690 4788">
    <p class='ocr_par' dir='ltr' id='par_1_13' title="bbox 0 0 1690 4788">
     <span class='ocr_line' id='line_1_38' title="bbox 0 0 1690 4788; baseline 0 3"><span class='ocrx_word' id='word_1_228' title='bbox 0 0 1690 4788; x_wconf 95' lang='lat' dir='ltr'><strong> </strong></span> 
     </span>
    </p>
   </div>
  </div>
 </body>
</html>
