3492 4790
815 685 1049 742 TRAGOEDIAE

874 831 1002 884 ΙΩΣΗΦ.

517 928 641 1010 Σοφοῦ
664 918 743 1007 παρ’
765 918 891 1010 ἀνδρὸς
912 917 976 1011 χρὴ
1000 917 1113 1008 σοφόν
1135 945 1167 987 τι
1191 915 1393 1008 μανθάνειν.

517 1030 696 1111 Πέιτοιθας
719 1026 825 1100 αὐτὸν
849 1027 880 1097 δ’
903 1021 1006 1112 αὖθις
1030 1032 1117 1098 ίδεῑν
1141 1029 1178 1098 ίν
1201 1032 1321 1117 χθονός

832 1173 1044 1228 ΘΕΟΛΟΓΟΣ.

518 1261 689 1330 Πέκοιθα·
714 1263 815 1344 δείξει
838 1259 981 1330 τοτ’κιιὸν
1004 1261 1102 1340 σέλας
1125 1262 1228 1328 Θεοῦ·

517 1375 599 1456 μίαν
622 1367 735 1456 μόνην
758 1374 873 1456 μεῖναί
893 1395 934 1457 με
957 1372 1012 1437 δεῖ
1032 1365 1095 1454 τὴν
1119 1365 1251 1456 αὔριον.

875 1513 1004 1568 ῙΩΣΗΦ.

512 1600 614 1690 Ἡμῖν
637 1601 699 1690 μὸν
723 1599 770 1685 τὸς
791 1603 894 1692 μέγας
916 1629 966 1684 τις
987 1599 1081 1692 ἥκων
1105 1603 1142 1672 έκ
1164 1607 1265 1688 Θεοῦ,
1380 1617 1450 1670 1776

520 1707 632 1792 ἇιιλιός
654 1735 689 1780 τε
711 1715 844 1798 θανόν,
868 1709 914 1792 ὡς
935 1709 1059 1800 βροτὸς
1080 1708 1279 1799 τνμβεόεται

520 1818 558 1886 έν
581 1817 738 1887 σινδόσιν
759 1817 882 1908 μ’όροις
903 1842 953 1904 τε,
976 1815 1102 1907 μητρὸς
1125 1820 1161 1886 ἐκ
1183 1821 1315 1898 θνατᾶς

519 1931 654 2012 φανείς·
676 1925 738 1994 τὸν
762 1927 799 1995 έκ
820 1931 933 2014 κείνης
955 1923 1020 2014 γὰρ
1043 1918 1088 2014 ἦν
1110 1934 1235 1995 θανεῖν
1258 1923 1376 2013 χρεόν.

520 2035 565 2100 Ec
588 2029 620 2101 δ’
641 2029 688 2114 ὥς
709 2030 793 2112 Θεὸς
815 2035 882 2102 νῦν
904 2034 1076 2122 κυριεύσει
1098 2033 1155 2102 καὶ
1178 2031 1298 2121 μόρον,

521 2145 613 2209 ἔσται
636 2144 808 2228 τολοικὸν,
833 2138 879 2223 ιὸς
900 2146 990 2211 Θεοῦ
1013 2150 1102 2222 Παίς
1123 2141 1179 2209 καὶ
1203 2139 1324 2228 μόνος,
1382 2158 1450 2210 1776

520 2245 624 2317 ἅπασι
648 2247 768 2330 σεκτὸς
789 2262 898 2318 τοῖσιν
922 2247 1053 2318 εἰδόσιν
1076 2247 1172 2328 Θεός·

520 2355 648 2436 πένθος
671 2355 710 2424 δὲ
732 2355 834 2444 βαιὸν
858 2354 932 2424 όντι
955 2353 1081 2445 μητρὸς
1104 2357 1141 2425 έκ
1163 2358 1294 2436 θνατᾶς

519 2466 663 2530 κείσθω·
686 2460 747 2531 τὸν
770 2464 806 2530 ἐκ
828 2468 942 2547 κείνης
963 2460 1027 2551 γὰρ
1050 2453 1095 2549 ἦν
1116 2471 1241 2530 θανεῖν
1263 2461 1368 2548 χρέος.

514 2563 617 2654 Ἡμῖν
640 2566 702 2653 μὲν
726 2558 833 2647 οὕὶως
856 2577 924 2635 νῦν
947 2571 1116 2653 τετίμηται
1139 2571 1252 2653 φίλος·

520 2667 558 2751 ὸς
582 2669 614 2739 δ’
636 2679 671 2776 εί
688 2699 721 2741 τι
742 2673 907 2762 πράσσειν
930 2670 975 2752 ὡς
993 2669 1077 2752 Θεὸς
1099 2671 1214 2740 θέλων
1232 2671 1360 2758 σθένει,
1380 2689 1450 2741 1760

520 2778 639 2867 καιρὸς
660 2778 814 2869 πάρεστι·
838 2783 912 2867 φῶς
934 2777 1000 2869 γὰρ
1022 2777 1150 2867 ἡμέρας
1172 2783 1285 2867 τρίτης

521 2883 563 2955 οδ
587 2885 720 2975 μακρόν
744 2888 829 2975 ἐστι,
853 2887 970 2957 καὶτὸ
994 2890 1062 2954 πᾶν
1086 2885 1280 2976 φανήσεται.

505 3111 574 3160 1766
593 3103 677 3160 Rhea.
692 3111 753 3162 106.
812 3111 879 3161 1767
890 3121 930 3174 sq.
951 3103 1035 3160 Rhea.
1050 3109 1102 3162 316
1112 3122 1154 3176 ιη.
1211 3108 1280 3160 1769
1299 3101 1374 3160 Μεδ.
1389 3109 1450 3160 617.

435 3175 752 3246 1771116111.17,σν.
845 3183 914 3233 1773
933 3177 1018 3234 Rhea.
1037 3181 1098 3235 968.
1191 3175 1358 3232 1774170111.
1380 3180 1450 3243 6,9.

432 3247 606 3374 ἒξέό-,Ῑῖὶὲθι
626 3253 687 3304 960.
753 3249 997 3304 1776-78771166.
1017 3252 1150 3304 nee-68.
1206 3253 1345 3304 1779-81
1366 3245 1450 3302 Rhoe.

431 3429 647 3439 ——n———n

505 3502 574 3553 1767
594 3492 623 3551 δ’
639 3491 728 3550 αότδν
747 3495 779 3551 A.
854 3501 923 3552 1766
942 3496 1022 3565 δείξη
1041 3497 1074 3552 A.
1141 3500 1210 3550 1770
1230 3491 1315 3563 ίωσήρ
1335 3493 1451 3549 nomin

432 3566 525 3637 ίωσήφ
544 3567 581 3623 Μ.
655 3563 693 3630 τὸς
710 3584 764 3623 om.
783 3566 815 3623 B.
887 3567 929 3630 τίς
946 3566 980 3636 V,
999 3568 1041 3630 τίς
1060 3565 1097 3620 Μ.
1172 3571 1241 3622 1771
1260 3563 1397 3639 τόμβεται
1416 3564 1452 3622 V.

433 3645 502 3695 1777
523 3637 551 3694 εί
566 3638 599 3694 Β.
655 3634 765 3694 σινδόσι
783 3638 846 3708 VB,
865 3633 897 3695 ίν
916 3633 1029 3694 σινδόνι
1048 3641 1082 3708 A,
1100 3636 1176 3693 idem
1194 3637 1314 3706 θνητῆς,
1334 3636 1358 3691 V
1376 3641 1452 3692 θνα-

431 3712 489 3781 τῆς,
569 3717 638 3769 1776
661 3708 712 3765 τὸν
732 3705 842 3783 ἐκείνης
857 3707 914 3800 ηδιρ
932 3704 969 3780 ἣν
988 3711 1022 3767 A.
1110 3730 1152 3800 ηρ.
1172 3709 1254 3780 zadoc
1272 3707 1306 3765 V.
1381 3714 1452 3764 1774

432 3781 470 3848 ὡς
486 3779 562 3839 θεὸν
580 3803 642 3851 κνρ.
662 3783 694 3838 A.
767 3800 901 3853 κνριενοη
916 3780 950 3838 V.
1008 3788 1077 3839 1776
1095 3801 1127 3837 το
1145 3777 1246 3837 λοιπὸν
1264 3779 1341 3836 cde.
1414 3775 1453 3843 τὸς

431 3850 504 3919 θεὸς
520 3856 596 3910 θεοῦ
616 3855 652 3909 M.
705 3861 774 3910 1776
793 3850 900 3911 είδόσιν
919 3853 1006 3910 ΟΜΑ
1024 3857 1054 3910 et
1072 3855 1147 3922 Eur..
1166 3851 1257 3909 είδόσι
1271 3850 1332 3907 7Β.
1382 3857 1451 3909 1777

432 3923 502 3981 ὄντα
526 3926 685 3994 εθθνατης
703 3925 736 3980 V.
830 3932 898 3982 1776
917 3929 1036 3981 κεῖσθαι
1055 3925 1088 3980 V.
1178 3921 1229 3980 τὸν
1248 3917 1362 3994 ίκείνης
1381 3925 1414 3977 A.

431 3995 512 4066 χρέος
530 3996 585 4051 CM
605 4001 635 4052 et
652 4017 694 4066 γρ.
714 3995 748 4063 V,
776 3994 866 4067 χρεόν
885 3995 965 4052 VAB
983 3998 1013 4052 61
1030 3997 1096 4051 Eur.
1180 4001 1249 4052 1779
1268 3992 1321 4066 μὲν
1340 3985 1388 4064 ἣν,
1408 4012 1451 4048 τε·

431 4069 495 4138 τίμ.·
506 4069 538 4124 A.
