3372 4788
530 836 546 852 ..
588 775 648 826 oto.
668 775 713 830 vt.
749 789 775 826 v.
794 775 939 826 asa-ooo.
1191 771 1253 839 178

279 927 345 990 Non
369 937 493 1009 propter
515 926 645 1007 Trojam,
669 926 832 1008 i'rojauum
856 927 990 992 scribom
1014 927 1123 992 beilum

322 1017 378 1074 Aut
400 1016 500 1093 coepit
523 1012 672 1094 Pluygum
695 1011 855 1076 sollicitato
877 1015 996 1095 styituu,

280 1098 338 1159 Seu
363 1096 472 1160 ductus
496 1097 621 1161 meiioro
645 1101 688 1160 via
713 1117 904 1180 composcere
926 1117 1033 1180 prauos

322 1183 359 1244 m
379 1200 499 1245 servare
523 1184 571 1246 dei
594 1183 655 1246 vuit
677 1187 708 1246 iu
731 1203 833 1246 amoro
857 1183 961 1248 bouus.
1203 1195 1254 1246 ato

281 1268 369 1330 Grata
394 1268 521 1330 medulla
546 1270 617 1332 latet
639 1271 719 1332 omui
743 1269 799 1332 sub
822 1273 935 1333 cortica
958 1289 1069 1348 uorum,
1102 1293 1107 1302 ¹

323 1355 359 1417 iit
381 1355 521 1417 nucleum
545 1355 621 1418 colat
643 1355 723 1418 auida
749 1365 823 1419 tosta
847 1355 968 1419 honuni.

280 1441 338 1503 uos
361 1442 450 1505 docet
468 1441 620 1526 'liorotias
643 1445 721 1506 sicut
742 1443 872 1526 Baptista
895 1443 1056 1516 iohannes,

326 1527 433 1590 Eruott
455 1529 511 1591 isto
534 1527 640 1601 bouos,
664 1529 781 1592 territat
803 1530 859 1592 isto
882 1528 990 1601 maios;

279 1613 317 1676 Et
339 1613 425 1684 bene,
449 1615 475 1676 si
498 1616 631 1691 memini,
653 1616 698 1676 ias
720 1626 766 1676 ost
785 1623 818 1690 ot
841 1613 878 1678 ab
902 1614 988 1677 hosta
1010 1615 1123 1686 doceri,
1201 1625 1252 1677 878

322 1699 530 1778 virtutumque
553 1699 664 1762 Sathau
688 1699 814 1761 iaiuicat
835 1718 918 1761 ortua
941 1699 1008 1760 tibi.

282 1781 342 1844 ttos
366 1783 402 1843 ati
425 1790 581 1862 serpentes
603 1785 744 1845 formicas
766 1781 968 1864 hostioiasque

321 1865 357 1927 Et
378 1883 463 1930 sacra
487 1877 630 1948 ponuatas
652 1870 759 1950 pagiua
783 1870 875 1930 mittit
898 1887 980 1938 auos:

279 1950 316 2012 iit.
338 1952 411 2014 mitti
434 1951 492 2015 iob
515 1951 659 2035 ioquitm,
682 1955 751 2036 qttia
776 1974 823 2016 mo
842 1951 977 2032 jumoutu
1000 1951 1152 2016 docebunt

321 2038 357 2100 Et
379 2036 452 2101 uihii
475 2047 521 2100 est
543 2040 621 2120 qumi
644 2057 704 2101 uou
729 2042 825 2121 prosit
846 2047 876 2101 ot
897 2038 976 2101 obsit
997 2040 1087 2102 utem.
1202 2050 1255 2100 ³80

281 2121 333 2186 iiio
355 2134 442 2186 sonat
464 2125 582 2196 invidia,
606 2127 690 2198 iiior,
715 2126 904 2196 tuuouioutia.
929 2125 1031 2198 iustus,

322 2209 463 2281 Ambitio,
486 2228 604 2282 rancor,
628 2213 682 2282 ira,
706 2210 811 2283 ttbtuo,
835 2212 929 2274 dotus,

280 2296 469 2358 Postremum
493 2315 565 2358 vero
586 2297 695 2378 'trojae
718 2294 885 2358 miseranda
909 2299 994 2358 ruina

324 2379 516 2443 informatius
539 2383 655 2462 singula
680 2400 752 2443 voco
776 2392 877 2453 sonat:

281 2464 316 2524 iit
339 2462 434 2526 nialus
456 2465 582 2529 absistat
600 2464 758 2546 justusque
781 2467 908 2535 resistat,
933 2465 1051 2531 imbuto.
1201 2477 1252 2528 888

325 2549 383 2610 sm
407 2553 475 2632 quia
499 2551 670 2612 oiausoruut
694 2551 767 2612 iiaoo
791 2549 866 2611 maia
891 2551 949 2611 iiuo
972 2548 1058 2612 utaio.

280 2633 365 2706 Quod
389 2634 489 2698 brevis
512 2643 556 2698 est
579 2639 669 2706 uisus,
693 2636 772 2716 quoti
796 2634 944 2718 longaque
968 2634 1087 2697 iacuiiua
1111 2636 1215 2699 muudi

321 2720 477 2793 Quoiuiam
500 2721 590 2806 'froja
614 2727 720 2806 puteus
743 2723 906 2784 iuciumata
930 2722 1026 2785 uocet.

282 2805 342 2870 iam
366 2808 483 2871 firmum
507 2808 581 2872 nihii
606 2820 660 2878 ost.
685 2813 733 2872 oui
756 2828 816 2870 uou
839 2817 936 2871 uictus
959 2827 1024 2872 osse
1047 2812 1152 2872 ruinam

322 2893 428 2964 Possit,
451 2902 482 2955 ot
502 2894 561 2957 imo
583 2894 696 2966 subito;
721 2912 886 2976 persequor
909 2913 981 2975 orgo
1003 2896 1075 2956 otto.
1198 2905 1251 2956 ³90

344 3135 405 3186 887.
423 3148 527 3199 margo.
546 3133 720 3199 Respondoo.
772 3136 831 3186 iiio.
851 3147 945 3198 margo
959 3133 1029 3200 pios.
1081 3134 1140 3185 878.
1160 3131 1250 3188 Aaou.

278 3198 374 3252 Nouoi.
411 3202 496 3256 .tao.
515 3215 585 3252 vers.
606 3203 646 3253 18.
717 3205 776 3255 878.
796 3205 906 3270 Margo:
931 3201 1030 3251 Verum
1049 3201 1166 3266 aliatum,
1184 3202 1252 3268 quia

278 3273 306 3320 at
323 3267 376 3320 hoo
393 3215 498 3320 Komiui
516 3267 597 3320 datm
614 3285 663 3336 pro
681 3270 774 3322 ouium
793 3285 845 3321 suu
863 3275 892 3321 ot
909 3271 937 3321 iu
955 3269 1049 3322 moltis
1068 3268 1250 3321 8188888888-

280 3337 379 3388 mentis
399 3338 433 3389 88
453 3353 487 3390 oo
506 3341 535 3389 ot
553 3337 622 3389 lioet
637 3338 696 3405 ipso
714 3354 768 3390 nou
788 3339 919 3390 intendat
937 3343 1032 3389 nostro
1050 3338 1189 3404 proieaaui
1202 3337 1253 3389 aad

277 3421 344 3456 suaa
362 3421 464 3473 prosto
483 3406 631 3459 voluntati.
643 3433 675 3444 —-
686 3408 737 3458 eir.
749 3406 832 3458 0vtu.
844 3405 1015 3472 Metam.1V‚
1027 3407 1086 3458 tto.
1124 3408 1182 3458 881.
1193 3407 1254 3457 882.

278 3475 390 3542 Margo:
413 3474 470 3526 itio.
492 3476 512 3528 i.
533 3489 557 3526 o.
576 3477 604 3526 iu
624 3477 676 3527 isto
695 3476 767 3527 libro
785 3480 867 3527 sonat
884 3474 991 3526 invidio
1009 3490 1062 3540 quo
1081 3474 1117 3525 uti
1136 3473 1252 3540 Foliam,

277 3543 348 3593 livor
371 3557 424 3609 quo
443 3542 478 3594 ud
496 3543 626 3594 Paridem
646 3549 674 3596 et
691 3544 861 3607 Menelaum,
889 3542 1058 3594 truculentis
1076 3557 1129 3609 quo
1149 3543 1184 3593 ad
1205 3557 1253 3610 pu·

277 3615 411 3678 guanto,
441 3612 531 3662 iustos
554 3627 607 3679 quo
627 3611 663 3663 88
681 3612 785 3664 miiitos
803 3618 832 3663 et
851 3612 986 3674 victores,
1010 3611 1126 3663 ambitio
1146 3626 1198 3677 quo
1217 3610 1252 3662 ud

276 3679 461 3741 Palamedem,
480 3695 579 3731 mucor
591 3696 645 3746 quo
658 3681 693 3731 mi
711 3681 836 3740 rusticos,
856 3681 906 3742 ira,
926 3696 979 3746 quo
993 3679 1030 3731 ud
1041 3680 1143 3744 viotoo,
1163 3677 1251 3730 libido

276 3762 329 3813 quo
348 3747 384 3798 88
402 3747 531 3799 Paridem
550 3753 579 3798 ot
597 3748 744 3809 Helenum,
762 3747 840 3799 doius
859 3763 912 3814 quo
931 3748 965 3797 ud
985 3747 1133 3798 liooubum.
1192 3747 1251 3798 884.

277 3815 337 3866 eod.
357 3819 466 3869 sonant.
536 3817 595 3870 888.
615 3815 703 3867 solsol.
721 3816 785 3866 laub.
806 3831 877 3866 utino
896 3814 1002 3866 librum.

344 3884 402 3934 888.
422 3885 464 3934 80.
486 3883 580 3934 (iuuit.
600 3884 680 3936 Aiax.
699 3882 776 3944 vttt,
795 3885 854 3934 888.
873 3885 934 3937 888.

359 3951 428 4001 'Pom
448 3948 552 4002 firmum
571 3951 640 4003 nihii
659 3957 712 4016 ost,
731 3952 775 4002 oui
794 3965 848 4003 uon
868 3954 956 4002 metus
974 3964 1035 4002 osso
1054 3949 1152 4000 minuo

360 4019 454 4073 Possit
471 4019 506 4070 ab
525 4019 658 4084 invalido,
677 4021 724 4085 qui
742 4019 860 4072 nomium
880 4021 998 4086 navigat
1015 4033 1127 4084 aequor.

997 4101 1048 4154 12·
