<?xml version="1.0" encoding="UTF-8"?>
<!DOCTYPE html PUBLIC "-//W3C//DTD XHTML 1.0 Transitional//EN"
    "http://www.w3.org/TR/xhtml1/DTD/xhtml1-transitional.dtd">
<html xmlns="http://www.w3.org/1999/xhtml" xml:lang="en" lang="en">
 <head>
  <title>
</title>
<meta http-equiv="Content-Type" content="text/html;charset=utf-8" />
  <meta name='ocr-system' content='tesseract 3.04.00' />
  <meta name='ocr-capabilities' content='ocr_page ocr_carea ocr_par ocr_line ocrx_word'/>
</head>
<body>
  <div class='ocr_page' id='page_1' title='image "./troilusalbertis01albegoog_0189.png"; bbox 0 0 3372 4788; ppageno 0'>
   <div class='ocr_carea' id='block_1_1' title="bbox 417 604 1071 672">
    <p class='ocr_par' dir='ltr' id='par_1_1' title="bbox 417 604 1071 672">
     <span class='ocr_line' id='line_1_1' title="bbox 417 604 1071 672; baseline -0.021 0"><span class='ocrx_word' id='word_1_1' title='bbox 417 604 480 672; x_wconf 90' lang='grc'><strong>160</strong></span> <span class='ocrx_word' id='word_1_2' title='bbox 731 605 795 658; x_wconf 79' lang='lat' dir='ltr'><strong>uro.</strong></span> <span class='ocrx_word' id='word_1_3' title='bbox 814 606 847 663; x_wconf 87' lang='lat' dir='ltr'><strong>v.</strong></span> <span class='ocrx_word' id='word_1_4' title='bbox 874 619 908 662; x_wconf 69' lang='lat' dir='ltr'><strong>o.</strong></span> <span class='ocrx_word' id='word_1_5' title='bbox 926 605 1071 658; x_wconf 85' lang='lat' dir='ltr'><strong>ooo-aaa.</strong></span> 
     </span>
    </p>
   </div>
   <div class='ocr_carea' id='block_1_2' title="bbox 414 753 1386 1017">
    <p class='ocr_par' dir='ltr' id='par_1_2' title="bbox 414 753 1386 1017">
     <span class='ocr_line' id='line_1_2' title="bbox 414 753 1260 846; baseline -0.007 -18"><span class='ocrx_word' id='word_1_6' title='bbox 414 763 491 828; x_wconf 82' lang='lat' dir='ltr'><strong>Curu</strong></span> <span class='ocrx_word' id='word_1_7' title='bbox 515 763 613 846; x_wconf 82' lang='lat' dir='ltr'><strong>coepit</strong></span> <span class='ocrx_word' id='word_1_8' title='bbox 634 770 772 844; x_wconf 82' lang='lat' dir='ltr'><strong>quassata</strong></span> <span class='ocrx_word' id='word_1_9' title='bbox 794 761 902 824; x_wconf 88' lang='lat' dir='ltr'><strong>domus</strong></span> <span class='ocrx_word' id='word_1_10' title='bbox 924 758 1134 841; x_wconf 82' lang='lat' dir='ltr'><strong>procumbere,</strong></span> <span class='ocrx_word' id='word_1_11' title='bbox 1157 753 1260 842; x_wconf 85' lang='lat' dir='ltr'><strong>part&#39;es</strong></span> 
     </span>
     <span class='ocr_line' id='line_1_3' title="bbox 459 846 1085 932; baseline -0.008 -20"><span class='ocrx_word' id='word_1_12' title='bbox 459 851 492 913; x_wconf 89' lang='lat' dir='ltr'><strong>ln</strong></span> <span class='ocrx_word' id='word_1_13' title='bbox 515 850 697 932; x_wconf 76' lang='lat' dir='ltr'><strong>proclinatas</strong></span> <span class='ocrx_word' id='word_1_14' title='bbox 719 865 807 910; x_wconf 86' lang='lat' dir='ltr'><strong>omna</strong></span> <span class='ocrx_word' id='word_1_15' title='bbox 829 846 978 911; x_wconf 80' lang='lat' dir='ltr'><strong>recumbit</strong></span> <span class='ocrx_word' id='word_1_16' title='bbox 999 865 1085 909; x_wconf 89' lang='lat' dir='ltr'><strong>onus.</strong></span> 
     </span>
     <span class='ocr_line' id='line_1_4' title="bbox 418 930 1386 1017; baseline -0.006 -19"><span class='ocrx_word' id='word_1_17' title='bbox 418 935 477 1008; x_wconf 90' lang='lat' dir='ltr'><strong>Sic,</strong></span> <span class='ocrx_word' id='word_1_18' title='bbox 500 942 657 1017; x_wconf 73' lang='lat' dir='ltr'><strong>postquam</strong></span> <span class='ocrx_word' id='word_1_19' title='bbox 682 941 781 996; x_wconf 87' lang='lat' dir='ltr'><strong>nostra</strong></span> <span class='ocrx_word' id='word_1_20' title='bbox 805 932 964 996; x_wconf 88' lang='lat' dir='ltr'><strong>subierunt</strong></span> <span class='ocrx_word' id='word_1_21' title='bbox 986 950 1054 994; x_wconf 85' lang='lat' dir='ltr'><strong>arra</strong></span> <span class='ocrx_word' id='word_1_22' title='bbox 1079 930 1206 1010; x_wconf 77' lang='lat' dir='ltr'><strong>Pelasgi,</strong></span> <span class='ocrx_word' id='word_1_23' title='bbox 1335 940 1386 992; x_wconf 74' lang='lat'><strong>855</strong></span> 
     </span>
    </p>
   </div>
   <div class='ocr_carea' id='block_1_3' title="bbox 416 1019 1395 3388">
    <p class='ocr_par' dir='ltr' id='par_1_3' title="bbox 416 1019 1395 3388">
     <span class='ocr_line' id='line_1_5' title="bbox 461 1019 1112 1100; baseline -0.006 -18"><span class='ocrx_word' id='word_1_24' title='bbox 461 1019 551 1100; x_wconf 87' lang='lat' dir='ltr'><strong>Troja</strong></span> <span class='ocrx_word' id='word_1_25' title='bbox 575 1020 665 1082; x_wconf 87' lang='lat' dir='ltr'><strong>modo</strong></span> <span class='ocrx_word' id='word_1_26' title='bbox 689 1021 758 1080; x_wconf 85' lang='lat' dir='ltr'><strong>vicit</strong></span> <span class='ocrx_word' id='word_1_27' title='bbox 780 1029 810 1079; x_wconf 86' lang='lat' dir='ltr'><strong>ct</strong></span> <span class='ocrx_word' id='word_1_28' title='bbox 832 1019 921 1080; x_wconf 86' lang='lat' dir='ltr'><strong>ruodo</strong></span> <span class='ocrx_word' id='word_1_29' title='bbox 944 1021 1017 1080; x_wconf 83' lang='lat' dir='ltr'><strong>victa</strong></span> <span class='ocrx_word' id='word_1_30' title='bbox 1040 1019 1112 1085; x_wconf 79' lang='lat' dir='ltr'><strong>tuit:</strong></span> 
     </span>
     <span class='ocr_line' id='line_1_6' title="bbox 416 1101 1299 1182; baseline -0.006 -17"><span class='ocrx_word' id='word_1_31' title='bbox 416 1103 504 1165; x_wconf 87' lang='lat' dir='ltr'><strong>Nunc</strong></span> <span class='ocrx_word' id='word_1_32' title='bbox 526 1112 625 1164; x_wconf 86' lang='lat' dir='ltr'><strong>autam</strong></span> <span class='ocrx_word' id='word_1_33' title='bbox 648 1121 794 1165; x_wconf 80' lang='lat' dir='ltr'><strong>conctusa</strong></span> <span class='ocrx_word' id='word_1_34' title='bbox 818 1103 905 1172; x_wconf 88' lang='lat' dir='ltr'><strong>cadit,</strong></span> <span class='ocrx_word' id='word_1_35' title='bbox 929 1119 1021 1182; x_wconf 86' lang='lat' dir='ltr'><strong>qrruro</strong></span> <span class='ocrx_word' id='word_1_36' title='bbox 1045 1101 1168 1162; x_wconf 90' lang='lat' dir='ltr'><strong>Graecia</strong></span> <span class='ocrx_word' id='word_1_37' title='bbox 1192 1102 1299 1162; x_wconf 82' lang='lat' dir='ltr'><strong>victrix</strong></span> 
     </span>
     <span class='ocr_line' id='line_1_7' title="bbox 462 1185 1115 1266; baseline -0.012 -17"><span class='ocrx_word' id='word_1_38' title='bbox 462 1187 613 1266; x_wconf 77' lang='lat' dir='ltr'><strong>opprimit</strong></span> <span class='ocrx_word' id='word_1_39' title='bbox 635 1194 665 1246; x_wconf 90' lang='lat' dir='ltr'><strong>et</strong></span> <span class='ocrx_word' id='word_1_40' title='bbox 687 1185 756 1246; x_wconf 81' lang='lat' dir='ltr'><strong>belii</strong></span> <span class='ocrx_word' id='word_1_41' title='bbox 779 1186 913 1263; x_wconf 86' lang='lat' dir='ltr'><strong>pondera</strong></span> <span class='ocrx_word' id='word_1_42' title='bbox 937 1187 999 1245; x_wconf 85' lang='lat' dir='ltr'><strong>soio</strong></span> <span class='ocrx_word' id='word_1_43' title='bbox 1022 1188 1115 1262; x_wconf 79' lang='lat' dir='ltr'><strong>gerit;</strong></span> 
     </span>
     <span class='ocr_line' id='line_1_8' title="bbox 419 1267 1163 1348; baseline -0.003 -18"><span class='ocrx_word' id='word_1_44' title='bbox 419 1268 457 1330; x_wconf 80' lang='lat' dir='ltr'><strong>Et</strong></span> <span class='ocrx_word' id='word_1_45' title='bbox 478 1271 546 1348; x_wconf 87' lang='lat' dir='ltr'><strong>quia</strong></span> <span class='ocrx_word' id='word_1_46' title='bbox 570 1267 735 1340; x_wconf 81' lang='lat' dir='ltr'><strong>succubuit,</strong></span> <span class='ocrx_word' id='word_1_47' title='bbox 760 1276 840 1330; x_wconf 87' lang='lat' dir='ltr'><strong>tanto</strong></span> <span class='ocrx_word' id='word_1_48' title='bbox 862 1270 891 1329; x_wconf 85' lang='lat' dir='ltr'><strong>vi</strong></span> <span class='ocrx_word' id='word_1_49' title='bbox 913 1286 1016 1348; x_wconf 81' lang='lat' dir='ltr'><strong>pressa</strong></span> <span class='ocrx_word' id='word_1_50' title='bbox 1039 1267 1163 1328; x_wconf 87' lang='lat' dir='ltr'><strong>reclinat</strong></span> 
     </span>
     <span class='ocr_line' id='line_1_9' title="bbox 461 1351 1388 1432; baseline -0.004 -18"><span class='ocrx_word' id='word_1_51' title='bbox 461 1353 494 1414; x_wconf 90' lang='lat' dir='ltr'><strong>ln</strong></span> <span class='ocrx_word' id='word_1_52' title='bbox 518 1371 575 1415; x_wconf 88' lang='lat' dir='ltr'><strong>uos</strong></span> <span class='ocrx_word' id='word_1_53' title='bbox 597 1354 714 1414; x_wconf 86' lang='lat' dir='ltr'><strong>tortura</strong></span> <span class='ocrx_word' id='word_1_54' title='bbox 737 1357 856 1414; x_wconf 84' lang='lat' dir='ltr'><strong>sarcina</strong></span> <span class='ocrx_word' id='word_1_55' title='bbox 879 1351 967 1432; x_wconf 80' lang='lat' dir='ltr'><strong>Graja</strong></span> <span class='ocrx_word' id='word_1_56' title='bbox 989 1352 1081 1431; x_wconf 79' lang='lat' dir='ltr'><strong>graui.</strong></span> <span class='ocrx_word' id='word_1_57' title='bbox 1337 1359 1388 1410; x_wconf 76' lang='lat' dir='ltr'><strong>tad</strong></span> 
     </span>
     <span class='ocr_line' id='line_1_10' title="bbox 420 1436 1305 1519; baseline 0.002 -21"><span class='ocrx_word' id='word_1_58' title='bbox 420 1439 599 1506; x_wconf 77' lang='lat' dir='ltr'><strong>corruimus</strong></span> <span class='ocrx_word' id='word_1_59' title='bbox 622 1438 719 1519; x_wconf 84' lang='lat' dir='ltr'><strong>piene.</strong></span> <span class='ocrx_word' id='word_1_60' title='bbox 744 1456 804 1500; x_wconf 87' lang='lat' dir='ltr'><strong>oon</strong></span> <span class='ocrx_word' id='word_1_61' title='bbox 827 1456 931 1519; x_wconf 86' lang='lat' dir='ltr'><strong>paene.</strong></span> <span class='ocrx_word' id='word_1_62' title='bbox 967 1438 1121 1500; x_wconf 87' lang='lat' dir='ltr'><strong>Probatio.</strong></span> <span class='ocrx_word' id='word_1_63' title='bbox 1154 1436 1227 1510; x_wconf 81' lang='lat' dir='ltr'><strong>Quis</strong></span> <span class='ocrx_word' id='word_1_64' title='bbox 1249 1455 1305 1500; x_wconf 85' lang='lat' dir='ltr'><strong>nos</strong></span> 
     </span>
     <span class='ocr_line' id='line_1_11' title="bbox 463 1523 1049 1605; baseline -0.002 -19"><span class='ocrx_word' id='word_1_65' title='bbox 463 1523 611 1605; x_wconf 74' lang='lat' dir='ltr'><strong>degeneri</strong></span> <span class='ocrx_word' id='word_1_66' title='bbox 636 1526 731 1586; x_wconf 85' lang='lat' dir='ltr'><strong>nescit</strong></span> <span class='ocrx_word' id='word_1_67' title='bbox 752 1523 801 1585; x_wconf 91' lang='lat' dir='ltr'><strong>bic</strong></span> <span class='ocrx_word' id='word_1_68' title='bbox 822 1523 938 1587; x_wconf 87' lang='lat' dir='ltr'><strong>latitare</strong></span> <span class='ocrx_word' id='word_1_69' title='bbox 961 1525 1049 1602; x_wconf 78' lang='lat' dir='ltr'><strong>iuga?</strong></span> 
     </span>
     <span class='ocr_line' id='line_1_12' title="bbox 420 1608 1139 1692; baseline -0.004 -19"><span class='ocrx_word' id='word_1_70' title='bbox 420 1612 585 1691; x_wconf 77' lang='lat' dir='ltr'><strong>Speremus</strong></span> <span class='ocrx_word' id='word_1_71' title='bbox 608 1611 671 1673; x_wconf 88' lang='lat' dir='ltr'><strong>deri</strong></span> <span class='ocrx_word' id='word_1_72' title='bbox 695 1611 834 1672; x_wconf 81' lang='lat' dir='ltr'><strong>victores:</strong></span> <span class='ocrx_word' id='word_1_73' title='bbox 858 1613 927 1692; x_wconf 86' lang='lat' dir='ltr'><strong>quis</strong></span> <span class='ocrx_word' id='word_1_74' title='bbox 949 1608 1139 1691; x_wconf 84' lang='lat' dir='ltr'><strong>proiribebiti</strong></span> 
     </span>
     <span class='ocr_line' id='line_1_13' title="bbox 464 1694 1203 1777; baseline -0.003 -19"><span class='ocrx_word' id='word_1_75' title='bbox 464 1695 540 1777; x_wconf 82' lang='lat' dir='ltr'><strong>Spes</strong></span> <span class='ocrx_word' id='word_1_76' title='bbox 562 1697 668 1766; x_wconf 83' lang='lat' dir='ltr'><strong>reiicit,</strong></span> <span class='ocrx_word' id='word_1_77' title='bbox 693 1694 848 1758; x_wconf 88' lang='lat' dir='ltr'><strong>domiuum</strong></span> <span class='ocrx_word' id='word_1_78' title='bbox 872 1694 946 1758; x_wconf 87' lang='lat' dir='ltr'><strong>iaiiit</strong></span> <span class='ocrx_word' id='word_1_79' title='bbox 970 1698 1083 1776; x_wconf 85' lang='lat' dir='ltr'><strong>etipsa</strong></span> <span class='ocrx_word' id='word_1_80' title='bbox 1107 1712 1203 1756; x_wconf 86' lang='lat' dir='ltr'><strong>suum.</strong></span> 
     </span>
     <span class='ocr_line' id='line_1_14' title="bbox 421 1779 1388 1863; baseline -0.004 -19"><span class='ocrx_word' id='word_1_81' title='bbox 421 1779 506 1854; x_wconf 82' lang='lat' dir='ltr'><strong>Quod</strong></span> <span class='ocrx_word' id='word_1_82' title='bbox 529 1799 641 1852; x_wconf 86' lang='lat' dir='ltr'><strong>sumus,</strong></span> <span class='ocrx_word' id='word_1_83' title='bbox 666 1791 712 1845; x_wconf 84' lang='lat' dir='ltr'><strong>cat</strong></span> <span class='ocrx_word' id='word_1_84' title='bbox 734 1779 889 1862; x_wconf 84' lang='lat' dir='ltr'><strong>liquidum,</strong></span> <span class='ocrx_word' id='word_1_85' title='bbox 913 1781 1029 1862; x_wconf 87' lang='lat' dir='ltr'><strong>decepti</strong></span> <span class='ocrx_word' id='word_1_86' title='bbox 1052 1782 1171 1863; x_wconf 81' lang='lat' dir='ltr'><strong>saepius</strong></span> <span class='ocrx_word' id='word_1_87' title='bbox 1186 1781 1243 1842; x_wconf 85' lang='lat' dir='ltr'><strong>boc</strong></span> <span class='ocrx_word' id='word_1_88' title='bbox 1257 1798 1322 1863; x_wconf 85' lang='lat' dir='ltr'><strong>spe,</strong></span> <span class='ocrx_word' id='word_1_89' title='bbox 1338 1788 1388 1840; x_wconf 77' lang='lat' dir='ltr'><strong>tto</strong></span> 
     </span>
     <span class='ocr_line' id='line_1_15' title="bbox 464 1866 1167 1948; baseline -0.003 -18"><span class='ocrx_word' id='word_1_90' title='bbox 464 1868 515 1930; x_wconf 88' lang='lat' dir='ltr'><strong>Sic</strong></span> <span class='ocrx_word' id='word_1_91' title='bbox 538 1867 690 1930; x_wconf 85' lang='lat' dir='ltr'><strong>dominum</strong></span> <span class='ocrx_word' id='word_1_92' title='bbox 713 1866 825 1929; x_wconf 83' lang='lat' dir='ltr'><strong>sterilis</strong></span> <span class='ocrx_word' id='word_1_93' title='bbox 847 1885 936 1948; x_wconf 86' lang='lat' dir='ltr'><strong>saepe</strong></span> <span class='ocrx_word' id='word_1_94' title='bbox 957 1866 1064 1931; x_wconf 86' lang='lat' dir='ltr'><strong>soieiiit</strong></span> <span class='ocrx_word' id='word_1_95' title='bbox 1085 1883 1167 1944; x_wconf 80' lang='lat' dir='ltr'><strong>ager.</strong></span> 
     </span>
     <span class='ocr_line' id='line_1_16' title="bbox 421 1950 1261 2035; baseline -0.002 -21"><span class='ocrx_word' id='word_1_96' title='bbox 421 1953 497 2035; x_wconf 81' lang='lat' dir='ltr'><strong>Spes</strong></span> <span class='ocrx_word' id='word_1_97' title='bbox 520 1961 565 2014; x_wconf 88' lang='lat' dir='ltr'><strong>est</strong></span> <span class='ocrx_word' id='word_1_98' title='bbox 586 1955 617 2014; x_wconf 89' lang='lat' dir='ltr'><strong>in</strong></span> <span class='ocrx_word' id='word_1_99' title='bbox 641 1951 739 2016; x_wconf 85' lang='lat' dir='ltr'><strong>dubiis</strong></span> <span class='ocrx_word' id='word_1_100' title='bbox 762 1969 880 2032; x_wconf 83' lang='lat' dir='ltr'><strong>semper</strong></span> <span class='ocrx_word' id='word_1_101' title='bbox 903 1971 1004 2015; x_wconf 85' lang='lat' dir='ltr'><strong>comeo</strong></span> <span class='ocrx_word' id='word_1_102' title='bbox 1027 1955 1138 2031; x_wconf 82' lang='lat' dir='ltr'><strong>optima</strong></span> <span class='ocrx_word' id='word_1_103' title='bbox 1161 1950 1261 2034; x_wconf 84' lang='lat' dir='ltr'><strong>rebus,</strong></span> 
     </span>
     <span class='ocr_line' id='line_1_17' title="bbox 467 2035 1139 2118; baseline -0.001 -18"><span class='ocrx_word' id='word_1_104' title='bbox 467 2035 526 2100; x_wconf 91' lang='lat' dir='ltr'><strong>Sed</strong></span> <span class='ocrx_word' id='word_1_105' title='bbox 549 2047 631 2101; x_wconf 87' lang='lat' dir='ltr'><strong>caret</strong></span> <span class='ocrx_word' id='word_1_106' title='bbox 653 2047 753 2118; x_wconf 82' lang='lat' dir='ltr'><strong>optato</strong></span> <span class='ocrx_word' id='word_1_107' title='bbox 776 2056 835 2100; x_wconf 90' lang='lat' dir='ltr'><strong>nou</strong></span> <span class='ocrx_word' id='word_1_108' title='bbox 858 2038 951 2100; x_wconf 83' lang='lat' dir='ltr'><strong>semei</strong></span> <span class='ocrx_word' id='word_1_109' title='bbox 974 2036 1022 2100; x_wconf 89' lang='lat' dir='ltr'><strong>iiia</strong></span> <span class='ocrx_word' id='word_1_110' title='bbox 1045 2038 1139 2100; x_wconf 89' lang='lat' dir='ltr'><strong>iucro.</strong></span> 
     </span>
     <span class='ocr_line' id='line_1_18' title="bbox 422 2122 1240 2205; baseline 0 -19"><span class='ocrx_word' id='word_1_111' title='bbox 422 2122 488 2186; x_wconf 88' lang='lat' dir='ltr'><strong>Non</strong></span> <span class='ocrx_word' id='word_1_112' title='bbox 511 2124 618 2187; x_wconf 78' lang='lat' dir='ltr'><strong>iaciant</strong></span> <span class='ocrx_word' id='word_1_113' title='bbox 641 2123 678 2186; x_wconf 88' lang='lat' dir='ltr'><strong>dc</strong></span> <span class='ocrx_word' id='word_1_114' title='bbox 701 2123 783 2186; x_wconf 83' lang='lat' dir='ltr'><strong>ciave</strong></span> <span class='ocrx_word' id='word_1_115' title='bbox 804 2141 913 2194; x_wconf 84' lang='lat' dir='ltr'><strong>seram,</strong></span> <span class='ocrx_word' id='word_1_116' title='bbox 936 2125 1079 2186; x_wconf 80' lang='lat' dir='ltr'><strong>reserabo</strong></span> <span class='ocrx_word' id='word_1_117' title='bbox 1102 2133 1240 2205; x_wconf 85' lang='lat' dir='ltr'><strong>patenter</strong></span> 
     </span>
     <span class='ocr_line' id='line_1_19' title="bbox 465 2207 1393 2292; baseline -0.001 -22"><span class='ocrx_word' id='word_1_118' title='bbox 465 2207 570 2271; x_wconf 83' lang='lat' dir='ltr'><strong>Omnia</strong></span> <span class='ocrx_word' id='word_1_119' title='bbox 594 2228 671 2292; x_wconf 89' lang='lat' dir='ltr'><strong>quae</strong></span> <span class='ocrx_word' id='word_1_120' title='bbox 694 2219 781 2273; x_wconf 89' lang='lat' dir='ltr'><strong>teneo</strong></span> <span class='ocrx_word' id='word_1_121' title='bbox 804 2219 927 2291; x_wconf 84' lang='lat' dir='ltr'><strong>pectore</strong></span> <span class='ocrx_word' id='word_1_122' title='bbox 949 2211 1049 2273; x_wconf 84' lang='lat' dir='ltr'><strong>clausa</strong></span> <span class='ocrx_word' id='word_1_123' title='bbox 1073 2229 1151 2272; x_wconf 86' lang='lat' dir='ltr'><strong>meo.</strong></span> <span class='ocrx_word' id='word_1_124' title='bbox 1341 2219 1393 2270; x_wconf 79' lang='lat' dir='ltr'><strong>tto</strong></span> 
     </span>
     <span class='ocr_line' id='line_1_20' title="bbox 422 2294 1307 2376; baseline 0.001 -18"><span class='ocrx_word' id='word_1_125' title='bbox 422 2294 571 2358; x_wconf 82' lang='lat' dir='ltr'><strong>Funditus</strong></span> <span class='ocrx_word' id='word_1_126' title='bbox 593 2296 765 2368; x_wconf 82' lang='lat' dir='ltr'><strong>occidimus,</strong></span> <span class='ocrx_word' id='word_1_127' title='bbox 790 2315 847 2359; x_wconf 91' lang='lat' dir='ltr'><strong>nec</strong></span> <span class='ocrx_word' id='word_1_128' title='bbox 869 2296 960 2359; x_wconf 89' lang='lat' dir='ltr'><strong>babut</strong></span> <span class='ocrx_word' id='word_1_129' title='bbox 983 2299 1101 2360; x_wconf 88' lang='lat' dir='ltr'><strong>iortuoa</strong></span> <span class='ocrx_word' id='word_1_130' title='bbox 1125 2314 1307 2376; x_wconf 81' lang='lat' dir='ltr'><strong>regressum.</strong></span> 
     </span>
     <span class='ocr_line' id='line_1_21' title="bbox 467 2381 1238 2462; baseline -0.001 -17"><span class='ocrx_word' id='word_1_131' title='bbox 467 2382 534 2445; x_wconf 85' lang='lat' dir='ltr'><strong>Nou</strong></span> <span class='ocrx_word' id='word_1_132' title='bbox 558 2382 648 2446; x_wconf 88' lang='lat' dir='ltr'><strong>habet</strong></span> <span class='ocrx_word' id='word_1_133' title='bbox 669 2385 701 2445; x_wconf 92' lang='lat' dir='ltr'><strong>iu</strong></span> <span class='ocrx_word' id='word_1_134' title='bbox 724 2382 811 2444; x_wconf 88' lang='lat' dir='ltr'><strong>nobis</strong></span> <span class='ocrx_word' id='word_1_135' title='bbox 832 2381 892 2461; x_wconf 88' lang='lat' dir='ltr'><strong>jaur</strong></span> <span class='ocrx_word' id='word_1_136' title='bbox 916 2401 989 2444; x_wconf 87' lang='lat' dir='ltr'><strong>nova</strong></span> <span class='ocrx_word' id='word_1_137' title='bbox 1013 2382 1100 2462; x_wconf 80' lang='lat' dir='ltr'><strong>plaga</strong></span> <span class='ocrx_word' id='word_1_138' title='bbox 1122 2381 1238 2444; x_wconf 72' lang='lat' dir='ltr'><strong>torono</strong></span> 
     </span>
     <span class='ocr_line' id='line_1_22' title="bbox 423 2467 1156 2548; baseline -0.003 -18"><span class='ocrx_word' id='word_1_139' title='bbox 423 2468 551 2530; x_wconf 82' lang='lat' dir='ltr'><strong>Oramus</strong></span> <span class='ocrx_word' id='word_1_140' title='bbox 573 2485 689 2548; x_wconf 82' lang='lat' dir='ltr'><strong>pacem,</strong></span> <span class='ocrx_word' id='word_1_141' title='bbox 713 2467 833 2528; x_wconf 77' lang='lat' dir='ltr'><strong>deutrus</strong></span> <span class='ocrx_word' id='word_1_142' title='bbox 857 2467 1011 2529; x_wconf 84' lang='lat' dir='ltr'><strong>tendamus</strong></span> <span class='ocrx_word' id='word_1_143' title='bbox 1033 2469 1156 2538; x_wconf 83' lang='lat' dir='ltr'><strong>inertes,</strong></span> 
     </span>
     <span class='ocr_line' id='line_1_23' title="bbox 466 2548 1123 2632; baseline 0.003 -22"><span class='ocrx_word' id='word_1_144' title='bbox 466 2548 504 2612; x_wconf 89' lang='lat' dir='ltr'><strong>Ut</strong></span> <span class='ocrx_word' id='word_1_145' title='bbox 527 2560 643 2613; x_wconf 85' lang='lat' dir='ltr'><strong>vertant</strong></span> <span class='ocrx_word' id='word_1_146' title='bbox 664 2549 766 2613; x_wconf 86' lang='lat' dir='ltr'><strong>hostes</strong></span> <span class='ocrx_word' id='word_1_147' title='bbox 789 2550 826 2613; x_wconf 93' lang='lat' dir='ltr'><strong>ad</strong></span> <span class='ocrx_word' id='word_1_148' title='bbox 848 2569 903 2613; x_wconf 85' lang='lat' dir='ltr'><strong>sua</strong></span> <span class='ocrx_word' id='word_1_149' title='bbox 927 2569 997 2613; x_wconf 86' lang='lat' dir='ltr'><strong>rura</strong></span> <span class='ocrx_word' id='word_1_150' title='bbox 1021 2552 1123 2632; x_wconf 85' lang='lat' dir='ltr'><strong>pedes.</strong></span> 
     </span>
     <span class='ocr_line' id='line_1_24' title="bbox 424 2634 1393 2716; baseline -0.002 -20"><span class='ocrx_word' id='word_1_151' title='bbox 424 2635 551 2716; x_wconf 83' lang='lat' dir='ltr'><strong>Raptam</strong></span> <span class='ocrx_word' id='word_1_152' title='bbox 574 2635 735 2698; x_wconf 86' lang='lat' dir='ltr'><strong>reddamus</strong></span> <span class='ocrx_word' id='word_1_153' title='bbox 758 2635 901 2697; x_wconf 77' lang='lat' dir='ltr'><strong>Helenam</strong></span> <span class='ocrx_word' id='word_1_154' title='bbox 925 2634 1087 2714; x_wconf 76' lang='lat' dir='ltr'><strong>redeatque</strong></span> <span class='ocrx_word' id='word_1_155' title='bbox 1109 2636 1223 2716; x_wconf 83' lang='lat' dir='ltr'><strong>rapina.</strong></span> <span class='ocrx_word' id='word_1_156' title='bbox 1343 2643 1393 2695; x_wconf 74' lang='lat' dir='ltr'><strong>aaa</strong></span> 
     </span>
     <span class='ocr_line' id='line_1_25' title="bbox 465 2718 1170 2797; baseline 0.007 -17"><span class='ocrx_word' id='word_1_157' title='bbox 465 2719 541 2780; x_wconf 83' lang='lat' dir='ltr'><strong>Essa</strong></span> <span class='ocrx_word' id='word_1_158' title='bbox 563 2719 660 2780; x_wconf 86' lang='lat' dir='ltr'><strong>soient</strong></span> <span class='ocrx_word' id='word_1_159' title='bbox 682 2737 790 2797; x_wconf 78' lang='lat' dir='ltr'><strong>magno</strong></span> <span class='ocrx_word' id='word_1_160' title='bbox 812 2718 919 2781; x_wconf 87' lang='lat' dir='ltr'><strong>damna</strong></span> <span class='ocrx_word' id='word_1_161' title='bbox 943 2722 1058 2781; x_wconf 88' lang='lat' dir='ltr'><strong>minora</strong></span> <span class='ocrx_word' id='word_1_162' title='bbox 1081 2719 1170 2787; x_wconf 87' lang='lat' dir='ltr'><strong>bono.</strong></span> 
     </span>
     <span class='ocr_line' id='line_1_26' title="bbox 424 2802 1288 2884; baseline 0.002 -21"><span class='ocrx_word' id='word_1_163' title='bbox 424 2802 461 2865; x_wconf 85' lang='lat' dir='ltr'><strong>Et</strong></span> <span class='ocrx_word' id='word_1_164' title='bbox 483 2802 652 2884; x_wconf 76' lang='lat' dir='ltr'><strong>Phrygibus</strong></span> <span class='ocrx_word' id='word_1_165' title='bbox 675 2802 803 2884; x_wconf 76' lang='lat' dir='ltr'><strong>Phrygia</strong></span> <span class='ocrx_word' id='word_1_166' title='bbox 826 2806 865 2865; x_wconf 89' lang='lat' dir='ltr'><strong>sit</strong></span> <span class='ocrx_word' id='word_1_167' title='bbox 886 2804 983 2882; x_wconf 82' lang='lat' dir='ltr'><strong>telius,</strong></span> <span class='ocrx_word' id='word_1_168' title='bbox 1007 2803 1133 2867; x_wconf 87' lang='lat' dir='ltr'><strong>Graecia</strong></span> <span class='ocrx_word' id='word_1_169' title='bbox 1157 2805 1288 2875; x_wconf 86' lang='lat' dir='ltr'><strong>Graecis,</strong></span> 
     </span>
     <span class='ocr_line' id='line_1_27' title="bbox 467 2885 1062 2970; baseline 0.003 -22"><span class='ocrx_word' id='word_1_170' title='bbox 467 2885 548 2950; x_wconf 82' lang='lat' dir='ltr'><strong>Reda</strong></span> <span class='ocrx_word' id='word_1_171' title='bbox 571 2887 744 2968; x_wconf 78' lang='lat' dir='ltr'><strong>relegentur·</strong></span> <span class='ocrx_word' id='word_1_172' title='bbox 767 2891 865 2950; x_wconf 87' lang='lat' dir='ltr'><strong>omnia</strong></span> <span class='ocrx_word' id='word_1_173' title='bbox 889 2907 963 2970; x_wconf 87' lang='lat' dir='ltr'><strong>pace</strong></span> <span class='ocrx_word' id='word_1_174' title='bbox 986 2888 1062 2952; x_wconf 90' lang='lat' dir='ltr'><strong>data.</strong></span> 
     </span>
     <span class='ocr_line' id='line_1_28' title="bbox 425 2973 1161 3052; baseline -0.001 -15"><span class='ocrx_word' id='word_1_175' title='bbox 425 2976 541 3037; x_wconf 77' lang='lat' dir='ltr'><strong>Ancora</strong></span> <span class='ocrx_word' id='word_1_176' title='bbox 565 2973 682 3037; x_wconf 86' lang='lat' dir='ltr'><strong>consilii</strong></span> <span class='ocrx_word' id='word_1_177' title='bbox 706 2973 812 3036; x_wconf 76' lang='lat' dir='ltr'><strong>suoru</strong></span> <span class='ocrx_word' id='word_1_178' title='bbox 833 2977 896 3037; x_wconf 90' lang='lat' dir='ltr'><strong>cito</strong></span> <span class='ocrx_word' id='word_1_179' title='bbox 920 2974 1018 3037; x_wconf 88' lang='lat' dir='ltr'><strong>iittora</strong></span> <span class='ocrx_word' id='word_1_180' title='bbox 1042 2984 1161 3052; x_wconf 85' lang='lat' dir='ltr'><strong>concta,</strong></span> 
     </span>
     <span class='ocr_line' id='line_1_29' title="bbox 467 3058 1395 3140; baseline 0 -20"><span class='ocrx_word' id='word_1_181' title='bbox 467 3058 512 3121; x_wconf 85' lang='lat' dir='ltr'><strong>Ne</strong></span> <span class='ocrx_word' id='word_1_182' title='bbox 535 3059 640 3122; x_wconf 83' lang='lat' dir='ltr'><strong>lassata</strong></span> <span class='ocrx_word' id='word_1_183' title='bbox 664 3061 736 3124; x_wconf 82' lang='lat' dir='ltr'><strong>rotis</strong></span> <span class='ocrx_word' id='word_1_184' title='bbox 759 3064 949 3124; x_wconf 88' lang='lat' dir='ltr'><strong>concutiatur</strong></span> <span class='ocrx_word' id='word_1_185' title='bbox 971 3062 1063 3140; x_wconf 83' lang='lat' dir='ltr'><strong>aquis.</strong></span> <span class='ocrx_word' id='word_1_186' title='bbox 1344 3070 1395 3121; x_wconf 82' lang='lat'><strong>880</strong></span> 
     </span>
     <span class='ocr_line' id='line_1_30' title="bbox 427 3142 1099 3228; baseline -0.003 -18"><span class='ocrx_word' id='word_1_187' title='bbox 427 3142 505 3210; x_wconf 85' lang='lat' dir='ltr'><strong>Sero</strong></span> <span class='ocrx_word' id='word_1_188' title='bbox 528 3149 689 3228; x_wconf 75' lang='lat' dir='ltr'><strong>suspicitur</strong></span> <span class='ocrx_word' id='word_1_189' title='bbox 712 3145 809 3224; x_wconf 87' lang='lat' dir='ltr'><strong>teiios,</strong></span> <span class='ocrx_word' id='word_1_190' title='bbox 833 3146 884 3209; x_wconf 90' lang='lat' dir='ltr'><strong>ubi</strong></span> <span class='ocrx_word' id='word_1_191' title='bbox 907 3148 979 3209; x_wconf 83' lang='lat' dir='ltr'><strong>iuno</strong></span> <span class='ocrx_word' id='word_1_192' title='bbox 1002 3146 1099 3209; x_wconf 85' lang='lat' dir='ltr'><strong>soluto</strong></span> 
     </span>
     <span class='ocr_line' id='line_1_31' title="bbox 468 3229 1196 3314; baseline 0.001 -22"><span class='ocrx_word' id='word_1_193' title='bbox 468 3229 567 3293; x_wconf 89' lang='lat' dir='ltr'><strong>Currit</strong></span> <span class='ocrx_word' id='word_1_194' title='bbox 590 3235 620 3294; x_wconf 90' lang='lat' dir='ltr'><strong>in</strong></span> <span class='ocrx_word' id='word_1_195' title='bbox 645 3235 824 3294; x_wconf 87' lang='lat' dir='ltr'><strong>imrncnaurn</strong></span> <span class='ocrx_word' id='word_1_196' title='bbox 848 3231 944 3314; x_wconf 88' lang='lat' dir='ltr'><strong>panda</strong></span> <span class='ocrx_word' id='word_1_197' title='bbox 967 3236 1068 3295; x_wconf 86' lang='lat' dir='ltr'><strong>carina</strong></span> <span class='ocrx_word' id='word_1_198' title='bbox 1091 3231 1196 3294; x_wconf 83' lang='lat' dir='ltr'><strong>salum.</strong></span> 
     </span>
     <span class='ocr_line' id='line_1_32' title="bbox 426 3314 1240 3388; baseline 0.001 -11"><span class='ocrx_word' id='word_1_199' title='bbox 426 3314 608 3378; x_wconf 86' lang='lat' dir='ltr'><strong>incumbunt</strong></span> <span class='ocrx_word' id='word_1_200' title='bbox 630 3319 724 3380; x_wconf 79' lang='lat' dir='ltr'><strong>mitris</strong></span> <span class='ocrx_word' id='word_1_201' title='bbox 746 3315 826 3379; x_wconf 82' lang='lat' dir='ltr'><strong>vetut</strong></span> <span class='ocrx_word' id='word_1_202' title='bbox 848 3319 996 3380; x_wconf 85' lang='lat' dir='ltr'><strong>undosum</strong></span> <span class='ocrx_word' id='word_1_203' title='bbox 1019 3336 1101 3381; x_wconf 87' lang='lat' dir='ltr'><strong>maro</strong></span> <span class='ocrx_word' id='word_1_204' title='bbox 1125 3317 1240 3388; x_wconf 85' lang='lat' dir='ltr'><strong>Graeci,</strong></span> 
     </span>
    </p>
   </div>
   <div class='ocr_carea' id='block_1_4' title="bbox 425 3591 1398 4001">
    <p class='ocr_par' dir='ltr' id='par_1_4' title="bbox 425 3591 1398 4001">
     <span class='ocr_line' id='line_1_33' title="bbox 528 3591 1397 3662; baseline 0.001 -18"><span class='ocrx_word' id='word_1_205' title='bbox 528 3593 588 3644; x_wconf 81' lang='grc'><strong>858.</strong></span> <span class='ocrx_word' id='word_1_206' title='bbox 608 3593 650 3649; x_wconf 75' lang='lat' dir='ltr'><strong>dd.</strong></span> <span class='ocrx_word' id='word_1_207' title='bbox 678 3591 759 3650; x_wconf 80' lang='lat' dir='ltr'><strong>ortu.</strong></span> <span class='ocrx_word' id='word_1_208' title='bbox 779 3591 860 3645; x_wconf 78' lang='lat' dir='ltr'><strong>Trici.</strong></span> <span class='ocrx_word' id='word_1_209' title='bbox 878 3594 916 3660; x_wconf 79' lang='lat'><strong>11,</strong></span> <span class='ocrx_word' id='word_1_210' title='bbox 935 3595 976 3647; x_wconf 80' lang='grc'><strong>83.</strong></span> <span class='ocrx_word' id='word_1_211' title='bbox 995 3594 1038 3660; x_wconf 73' lang='lat' dir='ltr'><strong>di,</strong></span> <span class='ocrx_word' id='word_1_212' title='bbox 1060 3593 1108 3645; x_wconf 88' lang='lat' dir='ltr'><strong>ubi</strong></span> <span class='ocrx_word' id='word_1_213' title='bbox 1131 3597 1225 3645; x_wconf 75' lang='lat' dir='ltr'><strong>tarmen</strong></span> <span class='ocrx_word' id='word_1_214' title='bbox 1248 3609 1297 3660; x_wconf 83' lang='lat' dir='ltr'><strong>pro</strong></span> <span class='ocrx_word' id='word_1_215' title='bbox 1317 3607 1397 3662; x_wconf 77' lang='lat' dir='ltr'><strong>„pro-</strong></span> 
     </span>
     <span class='ocr_line' id='line_1_34' title="bbox 425 3661 1396 3730; baseline 0.002 -18"><span class='ocrx_word' id='word_1_216' title='bbox 425 3661 573 3713; x_wconf 82' lang='lat' dir='ltr'><strong>cumbaro“</strong></span> <span class='ocrx_word' id='word_1_217' title='bbox 593 3661 776 3727; x_wconf 84' lang='lat' dir='ltr'><strong>,‚oubsidere“</strong></span> <span class='ocrx_word' id='word_1_218' title='bbox 795 3661 905 3730; x_wconf 80' lang='lat' dir='ltr'><strong>legitur.</strong></span> <span class='ocrx_word' id='word_1_219' title='bbox 974 3665 1034 3721; x_wconf 77' lang='grc'><strong>863.</strong></span> <span class='ocrx_word' id='word_1_220' title='bbox 1053 3663 1139 3716; x_wconf 89' lang='lat' dir='ltr'><strong>aobol.</strong></span> <span class='ocrx_word' id='word_1_221' title='bbox 1152 3678 1263 3730; x_wconf 76' lang='lat' dir='ltr'><strong>campos</strong></span> <span class='ocrx_word' id='word_1_222' title='bbox 1285 3677 1396 3730; x_wconf 80' lang='lat' dir='ltr'><strong>sperare</strong></span> 
     </span>
     <span class='ocr_line' id='line_1_35' title="bbox 425 3728 1396 3796; baseline 0.007 -16"><span class='ocrx_word' id='word_1_223' title='bbox 425 3728 516 3781; x_wconf 77' lang='lat' dir='ltr'><strong>liccat.</strong></span> <span class='ocrx_word' id='word_1_224' title='bbox 585 3733 646 3784; x_wconf 80' lang='lat' dir='ltr'><strong>tot.</strong></span> <span class='ocrx_word' id='word_1_225' title='bbox 666 3733 733 3782; x_wconf 83' lang='lat' dir='ltr'><strong>Pam</strong></span> <span class='ocrx_word' id='word_1_226' title='bbox 754 3731 803 3783; x_wconf 88' lang='lat' dir='ltr'><strong>bil.</strong></span> <span class='ocrx_word' id='word_1_227' title='bbox 820 3731 843 3795; x_wconf 87' lang='lat'><strong>1,</strong></span> <span class='ocrx_word' id='word_1_228' title='bbox 864 3734 904 3785; x_wconf 79' lang='lat' dir='ltr'><strong>lb,</strong></span> <span class='ocrx_word' id='word_1_229' title='bbox 958 3733 1016 3784; x_wconf 77' lang='grc'><strong>866.</strong></span> <span class='ocrx_word' id='word_1_230' title='bbox 1037 3730 1119 3787; x_wconf 81' lang='lat' dir='ltr'><strong>Ouid.</strong></span> <span class='ocrx_word' id='word_1_231' title='bbox 1133 3733 1184 3784; x_wconf 78' lang='lat' dir='ltr'><strong>Are</strong></span> <span class='ocrx_word' id='word_1_232' title='bbox 1202 3729 1286 3789; x_wconf 76' lang='lat' dir='ltr'><strong>eruet.</strong></span> <span class='ocrx_word' id='word_1_233' title='bbox 1304 3731 1396 3796; x_wconf 71' lang='lat' dir='ltr'><strong>Libo.</strong></span> 
     </span>
     <span class='ocr_line' id='line_1_36' title="bbox 425 3797 1398 3866; baseline 0.003 -16"><span class='ocrx_word' id='word_1_234' title='bbox 425 3800 484 3855; x_wconf 77' lang='grc'><strong>872.</strong></span> <span class='ocrx_word' id='word_1_235' title='bbox 507 3797 558 3853; x_wconf 84' lang='lat' dir='ltr'><strong>Ov.</strong></span> <span class='ocrx_word' id='word_1_236' title='bbox 577 3815 610 3851; x_wconf 85' lang='lat' dir='ltr'><strong>ax</strong></span> <span class='ocrx_word' id='word_1_237' title='bbox 628 3800 708 3852; x_wconf 84' lang='lat' dir='ltr'><strong>Pout.</strong></span> <span class='ocrx_word' id='word_1_238' title='bbox 722 3801 734 3851; x_wconf 96' lang='lat' dir='ltr'><strong>l</strong></span> <span class='ocrx_word' id='word_1_239' title='bbox 750 3803 796 3864; x_wconf 84' lang='lat' dir='ltr'><strong>,‘i,</strong></span> <span class='ocrx_word' id='word_1_240' title='bbox 808 3801 851 3865; x_wconf 81' lang='lat' dir='ltr'><strong>ta,</strong></span> <span class='ocrx_word' id='word_1_241' title='bbox 868 3797 959 3866; x_wconf 82' lang='lat' dir='ltr'><strong>„vix¹‘</strong></span> <span class='ocrx_word' id='word_1_242' title='bbox 978 3801 1071 3856; x_wconf 79' lang='lat' dir='ltr'><strong>babet.</strong></span> <span class='ocrx_word' id='word_1_243' title='bbox 1132 3802 1192 3853; x_wconf 72' lang='lat'><strong>8⁸18.</strong></span> <span class='ocrx_word' id='word_1_244' title='bbox 1215 3801 1266 3853; x_wconf 86' lang='lat' dir='ltr'><strong>Ov.</strong></span> <span class='ocrx_word' id='word_1_245' title='bbox 1284 3798 1398 3853; x_wconf 81' lang='lat' dir='ltr'><strong>Remed.</strong></span> 
     </span>
     <span class='ocr_line' id='line_1_37' title="bbox 425 3866 1398 3934; baseline 0 -17"><span class='ocrx_word' id='word_1_246' title='bbox 425 3867 483 3917; x_wconf 81' lang='lat' dir='ltr'><strong>ott.</strong></span> <span class='ocrx_word' id='word_1_247' title='bbox 554 3869 613 3924; x_wconf 76' lang='lat'>881.</span> <span class='ocrx_word' id='word_1_248' title='bbox 632 3870 675 3920; x_wconf 79' lang='lat'><strong>82.</strong></span> <span class='ocrx_word' id='word_1_249' title='bbox 705 3866 787 3918; x_wconf 80' lang='lat' dir='ltr'><strong>ovid.</strong></span> <span class='ocrx_word' id='word_1_250' title='bbox 805 3869 895 3923; x_wconf 78' lang='lat' dir='ltr'><strong>Amor.</strong></span> <span class='ocrx_word' id='word_1_251' title='bbox 913 3867 951 3926; x_wconf 90' lang='lat'><strong>11,</strong></span> <span class='ocrx_word' id='word_1_252' title='bbox 972 3870 1012 3928; x_wconf 86' lang='lat' dir='ltr'><strong>il,</strong></span> <span class='ocrx_word' id='word_1_253' title='bbox 1030 3871 1071 3920; x_wconf 77' lang='lat'><strong>23.</strong></span> <span class='ocrx_word' id='word_1_254' title='bbox 1091 3871 1133 3919; x_wconf 77' lang='lat' dir='ltr'><strong>at.</strong></span> <span class='ocrx_word' id='word_1_255' title='bbox 1151 3869 1246 3920; x_wconf 81' lang='lat' dir='ltr'><strong>Nostri</strong></span> <span class='ocrx_word' id='word_1_256' title='bbox 1270 3867 1398 3934; x_wconf 82' lang='lat' dir='ltr'><strong>„conopi-</strong></span> 
     </span>
     <span class='ocr_line' id='line_1_38' title="bbox 427 3932 1078 4001; baseline 0.009 -18"><span class='ocrx_word' id='word_1_257' title='bbox 427 3932 519 3984; x_wconf 85' lang='lat' dir='ltr'><strong>citur“</strong></span> <span class='ocrx_word' id='word_1_258' title='bbox 539 3940 568 3986; x_wconf 87' lang='lat' dir='ltr'><strong>ot</strong></span> <span class='ocrx_word' id='word_1_259' title='bbox 585 3935 676 4001; x_wconf 82' lang='lat' dir='ltr'><strong>„iioa‘¹</strong></span> <span class='ocrx_word' id='word_1_260' title='bbox 696 3951 729 3986; x_wconf 83' lang='lat' dir='ltr'><strong>ex</strong></span> <span class='ocrx_word' id='word_1_261' title='bbox 749 3935 847 3986; x_wconf 83' lang='lat' dir='ltr'><strong>Ouidio</strong></span> <span class='ocrx_word' id='word_1_262' title='bbox 866 3934 1078 3990; x_wconf 77' lang='lat' dir='ltr'><strong>emendavimus.</strong></span> 
     </span>
    </p>
   </div>
   <div class='ocr_carea' id='block_1_5' title="bbox 0 0 1704 4788">
    <p class='ocr_par' dir='ltr' id='par_1_5' title="bbox 0 0 1704 4788">
     <span class='ocr_line' id='line_1_39' title="bbox 0 0 1704 4788; baseline 0 0"><span class='ocrx_word' id='word_1_263' title='bbox 0 0 1704 4788; x_wconf 95' lang='lat' dir='ltr'><strong> </strong></span> 
     </span>
    </p>
   </div>
  </div>
 </body>
</html>
