3426 4786
408 668 451 734 20
794 663 988 722 rmosmm

412 821 530 889 Invisit
552 821 665 888 Donos
688 821 841 907 contines,
864 819 951 886 Ditis
973 819 1133 903 alumnos,

412 907 523 976 Saevit
544 907 600 974 ubi
623 908 708 974 sexis
731 907 781 974 vir
802 907 922 991 durior,
945 907 1048 973 acrior
1070 907 1164 991 ursis,

375 1018 401 1060 re
414 993 492 1062 Nou
514 1017 532 1061 o
556 993 726 1080 pellendus
748 995 807 1075 vir,
830 994 885 1061 sed
907 995 957 1060 leo
980 997 1307 1080 truxquotyrennus,

413 1017 589 1166 Ongendus
612 1080 716 1145 dictus
749 1079 907 1145 turiurum
929 1100 1055 1144 carcere
1078 1078 1207 1164 dignus,

412 1163 553 1230 Nomine
575 1129 790 1250 praetendens
812 1163 900 1229 ferus
923 1165 1086 1248 ingenitos
1108 1163 1170 1228 sibi
1192 1184 1307 1229 mores.

412 1247 488 1314 ‘On’
503 1254 552 1316 cst
568 1270 642 1334 ens,
658 1249 743 1335 quod
757 1249 865 1334 prodit
880 1249 1008 1331 cb‘est’,
1022 1249 1150 1333 generis
1162 1248 1232 1314 vice
1246 1270 1312 1314 non
1325 1253 1383 1314 est

413 1332 489 1400 Non
512 1337 550 1400 ut
571 1333 610 1399 de
632 1356 648 1399 s
672 1334 739 1398 ccie
761 1354 865 1419 genus
887 1338 924 1398 ut
946 1333 1069 1398 ducunt
1091 1333 1255 1418 isagogae,

375 1443 401 1484 so
414 1417 491 1484 Non
514 1419 561 1484 ite
583 1419 622 1484 dc
645 1356 736 1484 denis
758 1423 808 1484 est
829 1418 950 1484 dictum
973 1418 1154 1503 categoriis,

414 1501 477 1572 Sed
498 1505 604 1591 magis
627 1505 813 1605 aequivoce,
835 1526 902 1570 non
925 1504 1064 1570 univoco
1085 1504 1221 1569 ratione.

415 1592 460 1657 At
481 1612 555 1657 cum
578 1591 624 1656 nil
648 1593 711 1656 nisi
734 1613 768 1657 sc
790 1591 941 1676 designet
961 1589 1086 1675 syllaba
1108 1611 1165 1674 per
1187 1611 1233 1672 ss,

414 1674 477 1742 Sed
500 1677 734 1763 consignificet,
758 1677 875 1742 sinon
898 1680 932 1741 st
953 1675 1052 1742 dictio
1076 1679 1210 1755 constet,

415 1761 578 1827 Posterior
599 1761 723 1846 primae
745 1762 789 1828 sit
810 1764 843 1827 et
864 1761 980 1827 ultime
1001 1762 1111 1826 iuncte
1133 1759 1291 1826 secundos

376 1871 401 1912 es
415 1845 588 1931 Finslique
633 1867 667 1910 er
690 1852 732 1911 ‘e’
756 1847 800 1912 sit
820 1847 930 1911 littere
952 1867 1035 1911 nere
1056 1846 1190 1912 canino:

415 1929 487 1998 ‘nst
507 1951 588 2017 gens
609 1869 703 1996 durs’
728 1935 824 1997 sonet
845 1931 981 1997 conexio
1004 1931 1146 1997 nominis
1167 1935 1250 1996 ecta.

417 2014 524 2081 Durus
546 2037 603 2082 rex
625 2015 716 2103 genti
738 2016 837 2083 dures
860 2018 979 2082 meruit
1000 2016 1171 2082 dominari.

416 2100 479 2168 Gor
501 2101 745 2168 odemsntinum
767 2125 801 2168 se
823 2125 960 2189 pravum
982 2103 1080 2169 vortit
1101 2103 1136 2168 in
1158 2123 1280 2187 ercum,

415 2185 492 2255 Non
514 2188 622 2274 potuit
644 2188 762 2276 frangi,
787 2190 877 2255 verbi
900 2193 1051 2276 magnete
1073 2189 1184 2273 securi,

378 2299 404 2340 o
418 2271 551 2340 Ferrum
575 2297 640 2361 quo
663 2275 812 2361 trabitur,
835 2296 899 2362 quo
922 2277 1027 2342 ferree
1049 2297 1140 2342 mens
1163 2276 1311 2360 levietur,

416 2359 456 2425 In
478 2360 603 2425 osclum
626 2362 760 2443 rapitur,
784 2360 859 2427 dum
883 2383 1041 2446 suspense
1062 2363 1257 2447 speculetur.

416 2443 478 2511 Sed
501 2466 612 2529 presse
633 2445 733 2528 rabie,
757 2446 873 2531 sopitis
895 2446 1026 2532 ignibus
1049 2446 1116 2512 irco

417 2527 573 2612 Obsequii
595 2549 713 2594 munus
734 2529 890 2614 persolvit
911 2535 944 2594 et
965 2530 1097 2614 hospitii
1120 2530 1182 2612 ius,

415 2610 493 2679 Non
516 2616 625 2678 temen
647 2613 796 2697 attendit,
819 2612 874 2680 sed
896 2615 986 2679 verbi
1009 2618 1171 2698 spermate
1192 2615 1325 2698 sprevit,

378 2721 404 2760 c
418 2694 507 2773 Quos
529 2696 652 2778 didicit,
675 2719 743 2763 non
766 2697 929 2780 dedidicit,
952 2720 1020 2764 uon
1042 2699 1178 2784 figmine
1199 2696 1304 2783 liquit.

417 2780 541 2847 Tsntee
564 2781 701 2848 duritiae
724 2783 788 2849 vim
810 2805 951 2869 pensons
973 2785 1095 2849 oesecls
1116 2785 1202 2849 vitoe

419 2867 526 2933 Moliri
548 2867 680 2948 frustm,
703 2871 813 2935 vexari
834 2869 941 2935 noluit
962 2871 1064 2936 ultre:

419 2952 566 3036 Abstitit,
589 2954 689 3020 exivit
711 2954 883 3041 caulesque
905 2976 980 3021 sues
1002 2955 1163 3040 repetivit

418 3037 457 3103 In
472 3040 646 3106 remeando
665 3040 763 3124 dolet,
780 3042 867 3126 quod
889 3040 980 3107 nulls
1000 3042 1124 3107 telonio
1139 3045 1293 3127 reportet,
1316 3047 1335 3104 l.
1347 3053 1392 3104 suf

379 3147 405 3189 sc
420 3122 514 3201 Quod
535 3146 655 3191 vacuus
677 3132 808 3210 remeet,
832 3128 959 3212 tritura,
982 3127 1068 3226 quod
1091 3148 1166 3193 eros
1187 3132 1304 3193 cesset:

419 3208 567 3275 Occurrit
589 3213 692 3277 menti
714 3213 826 3298 mogni
848 3211 1020 3297 prudentie
1042 3211 1146 3282 Peuli.

419 3293 538 3362 Paulus
561 3294 736 3382 Bithynice
758 3299 841 3363 fines
864 3298 1005 3364 decrevit
1026 3298 1124 3375 edire,

419 3379 559 3446 Pellsrct
580 3385 617 3448 ut
638 3382 788 3449 tenebras
809 3385 936 3466 mortis,
960 3385 1162 3450 subverteret
1183 3405 1264 3470 oros,

420 3465 482 3532 Sed
504 3465 577 3532 Iesu
600 3467 721 3535 Christi
744 3470 863 3536 restitit
885 3471 948 3536 sibi
970 3471 1087 3536 flamen
1111 3470 1217 3536 eunti:

381 3572 409 3614 so
424 3550 557 3618 Destitit
579 3557 611 3619 et
633 3553 772 3639 Mysiam
796 3556 903 3622 studet
925 3578 1011 3644 agno
1034 3558 1169 3644 iungere
1192 3575 1353 3642 sponsam.

420 3723 552 3801 moestus·
568 3723 595 3777 Τ
632 3723 705 3778 letos
729 3725 755 3779 Τ
821 3732 853 3780 24
873 3724 952 3780 Sesit
970 3725 1029 3781 GT
1095 3732 1127 3780 27
1145 3725 1317 3805 protcudsps
1336 3723 1394 3780 GT

420 3795 454 3912 ll
471 3789 665 3936 t'tlltblbdl
685 3791 739 3915 Te
758 3798 878 3930 edidis
899 3809 915 3848 ⁰
938 3809 971 3848 “⁰
984 3791 1395 3917 ttctrffittt‘ttl

421 3929 454 3979 40
471 3925 596 3981 leniatur
615 3931 642 3981 'I'
708 3933 738 3981 41
760 3927 852 3982 celum
872 3928 898 3981 Τ
930 3945 976 3982 sus
998 3943 1065 3983 cnse
1083 3929 1149 3982 dum
1170 3927 1229 3982 GT
1289 3933 1323 3983 ⁴8
1340 3929 1391 3982 bo·

420 3992 502 4060 spicii
521 3992 580 4048 GT
629 3995 875 4053 tdduriciaeGT
923 4002 956 4050 bt
992 3995 1197 4064 ytbynioedll'
1246 3996 1394 4052 soom?
