3368 4792
415 624 458 690 48
728 624 791 676 Lib.
808 622 844 674 11.
880 637 907 674 v.
925 622 1070 674 aot-291.

416 778 555 845 Gaudent
575 779 676 858 Argiui
697 775 880 861 Galclrasque
903 785 1043 859 receptus
1064 775 1191 838 honesto
1333 783 1384 836 aaa

458 868 539 930 lnler
562 884 614 929 cos
635 867 718 944 degit
740 882 797 928 noc
818 883 871 928 suo
894 871 973 928 tecta
995 865 1080 945 petit.

477 1089 482 1098 ἱ
535 1015 691 1075 ueniunt
707 1013 810 1074 uatis
827 1014 876 1073 ET
893 1014 1006 1072 naula
1024 1013 1195 1072 numana
1213 1011 1265 1076 SE.

416 1127 483 1192 Non
505 1135 644 1206 poterant
666 1127 722 1188 ista
745 1121 893 1202 'Projanoo
915 1124 992 1186 iacta
1015 1123 1118 1194 latore,

461 1211 629 1274 Oblirmant
651 1213 739 1272 oliam
761 1219 895 1290 pectora,
919 1208 977 1272 tela
1000 1217 1116 1289 parant.

416 1296 531 1359 Rumor
552 1305 586 1357 ut
607 1295 656 1356 irie
678 1297 808 1377 primum
831 1294 941 1356 Priami
965 1311 1020 1372 per
1042 1302 1118 1354 tecta
1140 1291 1256 1364 volarit,

460 1381 541 1445 Bella
565 1381 647 1452 milui,
670 1379 767 1450 video,
793 1378 870 1442 bello
893 1387 1047 1461 parantur,
1070 1379 1120 1441 ait.
1332 1385 1385 1437 ito

418 1469 522 1531 Armat
545 1475 575 1528 el
596 1464 663 1548 ipsc
686 1465 820 1546 Phryges
842 1467 873 1527 in
896 1465 1020 1546 proclia,
1044 1468 1160 1528 moenia
1184 1464 1281 1526 munit

460 1552 594 1625 Auxililc,
616 1551 717 1621 armis,
741 1550 854 1612 viribus
877 1560 966 1629 atquc
989 1551 1075 1622 viris:

419 1636 590 1700 Thesauros
612 1639 717 1718 aperit,
741 1635 950 1698 dat-donativa
973 1636 1112 1717 maniplis

461 1721 552 1785 Ocius
573 1725 604 1784 in
626 1721 737 1784 bellurn
759 1731 923 1801 congregat
944 1740 1033 1784 omna
1053 1720 1160 1783 solum.

418 1805 514 1869 Flevit
536 1815 567 1868 et
588 1807 637 1868 hic
659 1804 771 1868 Helena
795 1806 936 1887 specialis
957 1825 1047 1868 causa
1070 1807 1223 1875 malorum,
1334 1814 1386 1864 aaa

463 1894 598 1950 Attamen
622 1890 670 1950 his
692 1891 836 1952 modicam
860 1890 981 1951 liatihus
1001 1893 1079 1951 addo
1101 1891 1205 1957 iidem:

420 1971 570 2034 Ponatur:
594 1971 742 2048 lacrimas,
766 1992 841 2054 quas
864 1973 975 2034 indorlt
996 1974 1079 2043 haec,
1103 1974 1245 2036 mulieres

464 2057 500 2118 Ut
522 2057 638 2130 llercnt,
662 2058 764 2119 oculos
787 2056 926 2119 erudlcrc
948 2077 1030 2120 suos.

420 2141 529 2215 Quales
551 2160 623 2222 orgo
645 2142 717 2215 cibi,
741 2140 807 2206 talis
829 2144 935 2205 domus
958 2155 1047 2225 atque
1069 2141 1202 2223 supellex

462 2226 565 2301 Qualis
586 2235 652 2290 erat
674 2227 791 2301 mulier,
816 2229 874 2292 tale
895 2229 1043 2311 coqtrebat
1065 2228 1139 2290 olus.
1336 2236 1387 2289 280

487 2377 698 2436 uenenatas
716 2377 946 2438 GRAECORUM
963 2379 1085 2438 NAVES
1102 2378 1313 2437 Tnanuua'i.

419 2490 547 2561 Ancora,
569 2506 646 2569 quae
668 2489 813 2551 Graecam
837 2495 919 2551 tcnet
940 2492 1020 2552 inter
1041 2489 1141 2552 littora
1163 2488 1296 2560 classem,

464 2573 605 2644 Solvitur,
629 2574 778 2655 incipiunt
800 2592 912 2656 aequor
935 2592 1036 2636 amare
1059 2585 1148 2638 nates.

421 2656 529 2721 Aeolus
551 2660 661 2721 insanit
682 2668 712 2721 ct
734 2665 911 2739 tempestate
933 2669 1036 2724 coacta

463 2744 586 2822 Cogitur
607 2743 644 2804 ad
667 2743 751 2806 littus
773 2745 886 2807 Graeca
909 2747 1009 2808 redire
1031 2745 1169 2828 phalanx.

420 2826 585 2909 Respondit
606 2827 743 2890 Calchas:
768 2831 934 2902 redeamus,
957 2832 989 2891 in
1011 2832 1118 2894 Aulida
1140 2839 1261 2902 stemus,
1339 2840 1388 2891 ito

464 2913 597 2975 Piacalult
617 2915 737 2976 taudem
759 2914 857 2976 lenior
878 2936 950 2978 aura
975 2927 1079 2978 ratem.

420 2998 565 3060 Persoiuit
587 2997 707 3062 rediens
727 3003 930 3077 Agamemnon
953 3011 1020 3062 uota
1044 3001 1162 3072 Dianae,

464 3085 595 3144 incurat
616 3083 668 3144 hic
690 3082 793 3164 piures
814 3087 932 3146 nautica
955 3085 1042 3146 turba
1065 3085 1139 3148 dies.

574 3227 637 3283 1110
654 3228 799 3284 lunatum
815 3230 918 3286 AURA
934 3229 1057 3286 FAVE'P
1075 3229 1240 3291 GRAECIS.

423 3334 546 3396 Gratum
568 3342 636 3412 post
658 3333 775 3414 aliquae
796 3335 935 3413 producit
957 3346 1092 3416 temporo
1113 3344 1233 3397 uentum

463 3416 639 3480 Exhilaraus
662 3417 764 3482 oculos
786 3437 856 3481 aura
879 3439 985 3482 serena
1007 3438 1087 3483 suos.
1335 3429 1388 3481 ito

420 3501 490 3564 Vela
513 3509 618 3584 petunt
639 3523 749 3576 arcem,
772 3505 891 3567 solvunt
912 3505 1078 3568 retinacula
1101 3505 1237 3578 classem,

421 3624 624 3637 m

487 3679 549 3728 Pssll.
565 3675 617 3729 Or.
635 3677 713 3728 aua.
732 3675 779 3731 vi.
798 3678 862 3730 oute

524 3745 627 3797 Rumor
644 3742 687 3810 (nt
704 3749 748 3796 esi
765 3744 859 3814 volox)
878 3747 993 3813 opilatis
1010 3727 1139 3816 porrolot
1156 3747 1218 3801 alla.

421 3816 480 3866 ati.
498 3809 608 3866 (lucilla.
626 3813 704 3866 Alex.
721 3815 758 3876 11,
778 3817 820 3869 17.

523 3883 608 3935 Ocius
626 3881 717 3934 edicto
734 3885 792 3935 ruit
809 3885 896 3938 omnis
914 3885 944 3938 iu
961 3901 1038 3939 orma
1052 3886 1196 3953 juventus.

423 3951 482 4004 2⁵18.
500 3951 542 4002 Ex
560 3950 641 4004 ovid.
660 3953 761 4004 remed.
780 3954 838 4005 690.
