<?xml version="1.0" encoding="UTF-8"?>
<!DOCTYPE html PUBLIC "-//W3C//DTD XHTML 1.0 Transitional//EN"
    "http://www.w3.org/TR/xhtml1/DTD/xhtml1-transitional.dtd">
<html xmlns="http://www.w3.org/1999/xhtml" xml:lang="en" lang="en">
 <head>
  <title>
</title>
<meta http-equiv="Content-Type" content="text/html;charset=utf-8" />
  <meta name='ocr-system' content='tesseract 3.04.00' />
  <meta name='ocr-capabilities' content='ocr_page ocr_carea ocr_par ocr_line ocrx_word'/>
</head>
<body>
  <div class='ocr_page' id='page_1' title='image "./troilusalbertis01albegoog_0196.png"; bbox 0 0 3372 4788; ppageno 0'>
   <div class='ocr_carea' id='block_1_1' title="bbox 594 610 1244 706">
    <p class='ocr_par' dir='ltr' id='par_1_1' title="bbox 594 610 1244 706">
     <span class='ocr_line' id='line_1_1' title="bbox 594 610 1244 706; baseline 0.022 -14"><span class='ocrx_word' id='word_1_1' title='bbox 594 610 724 696; x_wconf 75' lang='grc'><strong>33311.</strong></span> <span class='ocrx_word' id='word_1_2' title='bbox 759 656 784 697; x_wconf 77' lang='lat' dir='ltr'>v.</span> <span class='ocrx_word' id='word_1_3' title='bbox 805 641 913 693; x_wconf 79' lang='lat' dir='ltr'>ru-re.</span> <span class='ocrx_word' id='word_1_4' title='bbox 1114 614 1118 622; x_wconf 69' lang='grc'>’</span> <span class='ocrx_word' id='word_1_5' title='bbox 1184 640 1244 706; x_wconf 81' lang='grc'>131</span> 
     </span>
    </p>
   </div>
   <div class='ocr_carea' id='block_1_2' title="bbox 219 794 1245 1981">
    <p class='ocr_par' dir='ltr' id='par_1_2' title="bbox 219 794 1245 1981">
     <span class='ocr_line' id='line_1_2' title="bbox 272 794 1244 877; baseline 0.002 -20"><span class='ocrx_word' id='word_1_6' title='bbox 272 795 332 859; x_wconf 88' lang='lat' dir='ltr'>lllis</span> <span class='ocrx_word' id='word_1_7' title='bbox 354 794 504 876; x_wconf 77' lang='lat' dir='ltr'><strong>paullatim</strong></span> <span class='ocrx_word' id='word_1_8' title='bbox 527 813 671 877; x_wconf 82' lang='lat' dir='ltr'>prestepe</span> <span class='ocrx_word' id='word_1_9' title='bbox 693 795 817 859; x_wconf 85' lang='lat' dir='ltr'>eudecie</span> <span class='ocrx_word' id='word_1_10' title='bbox 840 797 935 859; x_wconf 85' lang='lat' dir='ltr'>crevit</span> <span class='ocrx_word' id='word_1_11' title='bbox 1211 808 1244 859; x_wconf 82' lang='lat'>15</span> 
     </span>
     <span class='ocr_line' id='line_1_3' title="bbox 316 879 1027 961; baseline 0 -17"><span class='ocrx_word' id='word_1_12' title='bbox 316 881 471 961; x_wconf 85' lang='lat' dir='ltr'>Cordeque</span> <span class='ocrx_word' id='word_1_13' title='bbox 494 879 684 960; x_wconf 75' lang='lat' dir='ltr'>leuguentem</span> <span class='ocrx_word' id='word_1_14' title='bbox 707 881 880 944; x_wconf 81' lang='lat' dir='ltr'>dedidicere</span> <span class='ocrx_word' id='word_1_15' title='bbox 903 890 1027 956; x_wconf 86' lang='lat' dir='ltr'>motum.</span> 
     </span>
     <span class='ocr_line' id='line_1_4' title="bbox 272 965 1076 1045; baseline 0.001 -17"><span class='ocrx_word' id='word_1_16' title='bbox 272 965 315 1028; x_wconf 78' lang='lat' dir='ltr'>Ad</span> <span class='ocrx_word' id='word_1_17' title='bbox 339 983 479 1044; x_wconf 74' lang='lat' dir='ltr'>magnum</span> <span class='ocrx_word' id='word_1_18' title='bbox 503 965 619 1026; x_wconf 84' lang='lat' dir='ltr'>virtutis</span> <span class='ocrx_word' id='word_1_19' title='bbox 642 983 717 1045; x_wconf 91' lang='lat' dir='ltr'>opus</span> <span class='ocrx_word' id='word_1_20' title='bbox 739 983 933 1043; x_wconf 80' lang='lat' dir='ltr'>summosque</span> <span class='ocrx_word' id='word_1_21' title='bbox 956 966 1076 1029; x_wconf 80' lang='lat' dir='ltr'>labores</span> 
     </span>
     <span class='ocr_line' id='line_1_5' title="bbox 314 1049 1040 1130; baseline 0 -18"><span class='ocrx_word' id='word_1_22' title='bbox 314 1051 444 1112; x_wconf 77' lang='lat' dir='ltr'>Mentem</span> <span class='ocrx_word' id='word_1_23' title='bbox 467 1058 660 1130; x_wconf 89' lang='lat' dir='ltr'>componunt.</span> <span class='ocrx_word' id='word_1_24' title='bbox 684 1049 763 1112; x_wconf 85' lang='lat' dir='ltr'>nullo</span> <span class='ocrx_word' id='word_1_25' title='bbox 788 1050 900 1129; x_wconf 83' lang='lat' dir='ltr'>pericle</span> <span class='ocrx_word' id='word_1_26' title='bbox 925 1053 1040 1113; x_wconf 87' lang='lat' dir='ltr'>timent.</span> 
     </span>
     <span class='ocr_line' id='line_1_6' title="bbox 219 1133 1072 1216; baseline 0.002 -20"><span class='ocrx_word' id='word_1_27' title='bbox 219 1174 223 1180; x_wconf 87' lang='lat'>·</span> <span class='ocrx_word' id='word_1_28' title='bbox 272 1133 404 1196; x_wconf 87' lang='lat' dir='ltr'>Credunt</span> <span class='ocrx_word' id='word_1_29' title='bbox 425 1151 492 1196; x_wconf 88' lang='lat' dir='ltr'>esse</span> <span class='ocrx_word' id='word_1_30' title='bbox 515 1136 600 1196; x_wconf 85' lang='lat' dir='ltr'>noles</span> <span class='ocrx_word' id='word_1_31' title='bbox 622 1136 754 1196; x_wconf 82' lang='lat' dir='ltr'>animum</span> <span class='ocrx_word' id='word_1_32' title='bbox 777 1135 930 1216; x_wconf 89' lang='lat' dir='ltr'>preelerre</span> <span class='ocrx_word' id='word_1_33' title='bbox 952 1136 1072 1216; x_wconf 87' lang='lat' dir='ltr'>pudori.</span> 
     </span>
     <span class='ocr_line' id='line_1_7' title="bbox 314 1216 1245 1300; baseline -0.001 -20"><span class='ocrx_word' id='word_1_34' title='bbox 314 1216 443 1300; x_wconf 85' lang='lat' dir='ltr'>Plusque</span> <span class='ocrx_word' id='word_1_35' title='bbox 464 1217 561 1280; x_wconf 78' lang='lat' dir='ltr'>solent</span> <span class='ocrx_word' id='word_1_36' title='bbox 582 1220 692 1280; x_wconf 85' lang='lat' dir='ltr'>lernam</span> <span class='ocrx_word' id='word_1_37' title='bbox 716 1237 804 1300; x_wconf 91' lang='lat' dir='ltr'>quem</span> <span class='ocrx_word' id='word_1_38' title='bbox 829 1220 964 1280; x_wconf 73' lang='lat' dir='ltr'>timuisse</span> <span class='ocrx_word' id='word_1_39' title='bbox 987 1238 1102 1282; x_wconf 90' lang='lat' dir='ltr'>necem.</span> <span class='ocrx_word' id='word_1_40' title='bbox 1210 1231 1245 1280; x_wconf 82' lang='lat'>20</span> 
     </span>
     <span class='ocr_line' id='line_1_8' title="bbox 271 1299 1042 1385; baseline 0.001 -21"><span class='ocrx_word' id='word_1_41' title='bbox 271 1302 406 1366; x_wconf 78' lang='lat' dir='ltr'>Pectoris</span> <span class='ocrx_word' id='word_1_42' title='bbox 428 1306 555 1364; x_wconf 89' lang='lat' dir='ltr'>incursu</span> <span class='ocrx_word' id='word_1_43' title='bbox 577 1299 769 1380; x_wconf 79' lang='lat' dir='ltr'>confringere</span> <span class='ocrx_word' id='word_1_44' title='bbox 792 1303 849 1364; x_wconf 84' lang='lat' dir='ltr'>tole</span> <span class='ocrx_word' id='word_1_45' title='bbox 873 1312 1042 1385; x_wconf 82' lang='lat' dir='ltr'>peroptant.</span> 
     </span>
     <span class='ocr_line' id='line_1_9' title="bbox 314 1386 1066 1466; baseline 0 -16"><span class='ocrx_word' id='word_1_46' title='bbox 314 1387 364 1450; x_wconf 87' lang='lat' dir='ltr'>Sic</span> <span class='ocrx_word' id='word_1_47' title='bbox 384 1387 506 1450; x_wconf 81' lang='lat' dir='ltr'>titrdum</span> <span class='ocrx_word' id='word_1_48' title='bbox 531 1403 656 1466; x_wconf 77' lang='lat' dir='ltr'>magnae</span> <span class='ocrx_word' id='word_1_49' title='bbox 677 1386 774 1449; x_wconf 88' lang='lat' dir='ltr'>leudis</span> <span class='ocrx_word' id='word_1_50' title='bbox 796 1388 832 1449; x_wconf 84' lang='lat' dir='ltr'>ed</span> <span class='ocrx_word' id='word_1_51' title='bbox 856 1396 935 1449; x_wconf 87' lang='lat' dir='ltr'>estre</span> <span class='ocrx_word' id='word_1_52' title='bbox 958 1386 1066 1450; x_wconf 84' lang='lat' dir='ltr'>levent</span> 
     </span>
     <span class='ocr_line' id='line_1_10' title="bbox 272 1469 1019 1541; baseline 0.001 -8"><span class='ocrx_word' id='word_1_53' title='bbox 272 1472 325 1533; x_wconf 83' lang='lat' dir='ltr'>Est</span> <span class='ocrx_word' id='word_1_54' title='bbox 346 1471 425 1534; x_wconf 88' lang='lat' dir='ltr'>bone</span> <span class='ocrx_word' id='word_1_55' title='bbox 450 1469 555 1534; x_wconf 87' lang='lat' dir='ltr'>militie</span> <span class='ocrx_word' id='word_1_56' title='bbox 578 1470 685 1535; x_wconf 89' lang='lat' dir='ltr'>melior</span> <span class='ocrx_word' id='word_1_57' title='bbox 707 1473 837 1541; x_wconf 78' lang='lat' dir='ltr'>fortune.</span> <span class='ocrx_word' id='word_1_58' title='bbox 860 1471 913 1534; x_wconf 88' lang='lat' dir='ltr'>sed</span> <span class='ocrx_word' id='word_1_59' title='bbox 936 1475 1019 1535; x_wconf 90' lang='lat' dir='ltr'>omni</span> 
     </span>
     <span class='ocr_line' id='line_1_11' title="bbox 314 1555 990 1637; baseline -0.001 -19"><span class='ocrx_word' id='word_1_60' title='bbox 314 1559 463 1637; x_wconf 78' lang='lat' dir='ltr'>Tempore</span> <span class='ocrx_word' id='word_1_61' title='bbox 484 1558 612 1619; x_wconf 89' lang='lat' dir='ltr'>tironem</span> <span class='ocrx_word' id='word_1_62' title='bbox 635 1573 696 1617; x_wconf 92' lang='lat' dir='ltr'>nou</span> <span class='ocrx_word' id='word_1_63' title='bbox 720 1555 799 1618; x_wconf 87' lang='lat' dir='ltr'>leret</span> <span class='ocrx_word' id='word_1_64' title='bbox 820 1556 869 1618; x_wconf 87' lang='lat' dir='ltr'>ille</span> <span class='ocrx_word' id='word_1_65' title='bbox 892 1576 990 1619; x_wconf 89' lang='lat' dir='ltr'>suum.</span> 
     </span>
     <span class='ocr_line' id='line_1_12' title="bbox 273 1638 1244 1710; baseline 0 -8"><span class='ocrx_word' id='word_1_66' title='bbox 273 1638 374 1703; x_wconf 86' lang='lat' dir='ltr'>Glorie</span> <span class='ocrx_word' id='word_1_67' title='bbox 396 1643 421 1702; x_wconf 87' lang='lat' dir='ltr'>si</span> <span class='ocrx_word' id='word_1_68' title='bbox 445 1639 571 1702; x_wconf 87' lang='lat' dir='ltr'>retrelrlt</span> <span class='ocrx_word' id='word_1_69' title='bbox 594 1640 715 1710; x_wconf 81' lang='lat' dir='ltr'>vultum.</span> <span class='ocrx_word' id='word_1_70' title='bbox 739 1643 858 1704; x_wconf 76' lang='lat' dir='ltr'>fortune</span> <span class='ocrx_word' id='word_1_71' title='bbox 882 1643 1006 1710; x_wconf 87' lang='lat' dir='ltr'>recedit.</span> <span class='ocrx_word' id='word_1_72' title='bbox 1210 1652 1244 1702; x_wconf 75' lang='grc'>33</span> 
     </span>
     <span class='ocr_line' id='line_1_13' title="bbox 314 1723 1030 1805; baseline -0.001 -17"><span class='ocrx_word' id='word_1_73' title='bbox 314 1727 352 1788; x_wconf 82' lang='lat' dir='ltr'>m</span> <span class='ocrx_word' id='word_1_74' title='bbox 373 1726 493 1805; x_wconf 77' lang='lat' dir='ltr'>gravius</span> <span class='ocrx_word' id='word_1_75' title='bbox 515 1743 633 1789; x_wconf 88' lang='lat' dir='ltr'>summo</span> <span class='ocrx_word' id='word_1_76' title='bbox 655 1723 786 1787; x_wconf 88' lang='lat' dir='ltr'>culmine</span> <span class='ocrx_word' id='word_1_77' title='bbox 808 1743 907 1787; x_wconf 88' lang='lat' dir='ltr'>merse</span> <span class='ocrx_word' id='word_1_78' title='bbox 931 1733 1030 1788; x_wconf 89' lang='lat' dir='ltr'>ruunt.</span> 
     </span>
     <span class='ocr_line' id='line_1_14' title="bbox 270 1809 1007 1893; baseline -0.003 -17"><span class='ocrx_word' id='word_1_79' title='bbox 270 1810 359 1893; x_wconf 84' lang='lat' dir='ltr'>&#39;lrujn</span> <span class='ocrx_word' id='word_1_80' title='bbox 382 1809 475 1875; x_wconf 77' lang='lat' dir='ltr'>sunuel</span> <span class='ocrx_word' id='word_1_81' title='bbox 497 1812 571 1874; x_wconf 90' lang='lat' dir='ltr'>istos</span> <span class='ocrx_word' id='word_1_82' title='bbox 594 1830 653 1874; x_wconf 93' lang='lat' dir='ltr'>non</span> <span class='ocrx_word' id='word_1_83' title='bbox 677 1831 709 1876; x_wconf 89' lang='lat' dir='ltr'>es</span> <span class='ocrx_word' id='word_1_84' title='bbox 733 1819 854 1891; x_wconf 87' lang='lat' dir='ltr'>experte</span> <span class='ocrx_word' id='word_1_85' title='bbox 879 1810 1007 1882; x_wconf 80' lang='lat' dir='ltr'>labores,</span> 
     </span>
     <span class='ocr_line' id='line_1_15' title="bbox 314 1898 983 1981; baseline -0.001 -18"><span class='ocrx_word' id='word_1_86' title='bbox 314 1900 386 1963; x_wconf 92' lang='lat' dir='ltr'>Sors</span> <span class='ocrx_word' id='word_1_87' title='bbox 408 1917 485 1981; x_wconf 83' lang='lat' dir='ltr'>queo</span> <span class='ocrx_word' id='word_1_88' title='bbox 507 1899 684 1962; x_wconf 83' lang='lat' dir='ltr'>multociens</span> <span class='ocrx_word' id='word_1_89' title='bbox 707 1898 816 1962; x_wconf 82' lang='lat' dir='ltr'>eccidit</span> <span class='ocrx_word' id='word_1_90' title='bbox 836 1900 892 1962; x_wconf 89' lang='lat' dir='ltr'>iste</span> <span class='ocrx_word' id='word_1_91' title='bbox 917 1898 983 1962; x_wconf 89' lang='lat' dir='ltr'>tibi.</span> 
     </span>
    </p>
   </div>
   <div class='ocr_carea' id='block_1_3' title="bbox 435 2049 1078 2124">
    <p class='ocr_par' dir='ltr' id='par_1_3' title="bbox 435 2049 1078 2124">
     <span class='ocr_line' id='line_1_16' title="bbox 435 2049 1078 2124; baseline 0.005 -20"><span class='ocrx_word' id='word_1_92' title='bbox 435 2049 564 2122; x_wconf 78' lang='lat' dir='ltr'>[uuum</span> <span class='ocrx_word' id='word_1_93' title='bbox 581 2049 706 2107; x_wconf 77' lang='lat' dir='ltr'>Pncuu</span> <span class='ocrx_word' id='word_1_94' title='bbox 725 2049 823 2106; x_wconf 78' lang='lat' dir='ltr'>ulum</span> <span class='ocrx_word' id='word_1_95' title='bbox 841 2050 1078 2124; x_wconf 70' lang='lat' dir='ltr'>Postremum]</span> 
     </span>
    </p>
   </div>
   <div class='ocr_carea' id='block_1_4' title="bbox 268 2157 1244 3347">
    <p class='ocr_par' dir='ltr' id='par_1_4' title="bbox 268 2157 1244 3347">
     <span class='ocr_line' id='line_1_17' title="bbox 274 2157 938 2242; baseline -0.002 -21"><span class='ocrx_word' id='word_1_96' title='bbox 274 2159 361 2221; x_wconf 80' lang='lat' dir='ltr'>Pacis</span> <span class='ocrx_word' id='word_1_97' title='bbox 383 2167 533 2220; x_wconf 86' lang='lat' dir='ltr'>emetores</span> <span class='ocrx_word' id='word_1_98' title='bbox 553 2157 715 2220; x_wconf 88' lang='lat' dir='ltr'>intendunt</span> <span class='ocrx_word' id='word_1_99' title='bbox 737 2177 812 2230; x_wconf 89' lang='lat' dir='ltr'>esse,</span> <span class='ocrx_word' id='word_1_100' title='bbox 835 2162 938 2242; x_wconf 88' lang='lat' dir='ltr'>quiete</span> 
     </span>
     <span class='ocr_line' id='line_1_18' title="bbox 315 2244 1244 2325; baseline -0.002 -19"><span class='ocrx_word' id='word_1_101' title='bbox 315 2244 432 2306; x_wconf 85' lang='lat' dir='ltr'>llucere</span> <span class='ocrx_word' id='word_1_102' title='bbox 455 2262 510 2324; x_wconf 90' lang='lat' dir='ltr'>per</span> <span class='ocrx_word' id='word_1_103' title='bbox 532 2247 646 2325; x_wconf 77' lang='lat' dir='ltr'>patrios</span> <span class='ocrx_word' id='word_1_104' title='bbox 668 2245 727 2305; x_wconf 87' lang='lat' dir='ltr'>otiu</span> <span class='ocrx_word' id='word_1_105' title='bbox 751 2244 825 2306; x_wconf 83' lang='lat' dir='ltr'>laete</span> <span class='ocrx_word' id='word_1_106' title='bbox 849 2246 937 2316; x_wconf 88' lang='lat' dir='ltr'>leres,</span> <span class='ocrx_word' id='word_1_107' title='bbox 1209 2255 1244 2305; x_wconf 84' lang='grc'>33</span> 
     </span>
     <span class='ocr_line' id='line_1_19' title="bbox 274 2327 1065 2410; baseline 0.001 -19"><span class='ocrx_word' id='word_1_108' title='bbox 274 2331 387 2392; x_wconf 81' lang='lat' dir='ltr'>Uxores</span> <span class='ocrx_word' id='word_1_109' title='bbox 409 2330 554 2390; x_wconf 87' lang='lat' dir='ltr'>redimire</span> <span class='ocrx_word' id='word_1_110' title='bbox 576 2327 696 2408; x_wconf 85' lang='lat' dir='ltr'>probes,</span> <span class='ocrx_word' id='word_1_111' title='bbox 721 2349 893 2410; x_wconf 88' lang='lat' dir='ltr'>puerosque</span> <span class='ocrx_word' id='word_1_112' title='bbox 915 2330 1065 2393; x_wconf 86' lang='lat' dir='ltr'>decennes</span> 
     </span>
     <span class='ocr_line' id='line_1_20' title="bbox 313 2413 930 2495; baseline 0.002 -21"><span class='ocrx_word' id='word_1_113' title='bbox 313 2413 351 2475; x_wconf 86' lang='lat' dir='ltr'>Et</span> <span class='ocrx_word' id='word_1_114' title='bbox 372 2416 457 2495; x_wconf 82' lang='lat' dir='ltr'>quasi</span> <span class='ocrx_word' id='word_1_115' title='bbox 481 2413 610 2492; x_wconf 79' lang='lat' dir='ltr'>dilapsas</span> <span class='ocrx_word' id='word_1_116' title='bbox 631 2414 793 2475; x_wconf 84' lang='lat' dir='ltr'>conciliare</span> <span class='ocrx_word' id='word_1_117' title='bbox 817 2413 930 2476; x_wconf 87' lang='lat' dir='ltr'>domos.</span> 
     </span>
     <span class='ocr_line' id='line_1_21' title="bbox 271 2497 1063 2578; baseline 0.003 -20"><span class='ocrx_word' id='word_1_118' title='bbox 271 2499 333 2558; x_wconf 83' lang='lat' dir='ltr'>Sulr</span> <span class='ocrx_word' id='word_1_119' title='bbox 356 2517 414 2578; x_wconf 82' lang='lat' dir='ltr'>que</span> <span class='ocrx_word' id='word_1_120' title='bbox 438 2497 589 2568; x_wconf 87' lang='lat' dir='ltr'>decubuit,</span> <span class='ocrx_word' id='word_1_121' title='bbox 614 2498 805 2576; x_wconf 85' lang='lat' dir='ltr'>requiescere</span> <span class='ocrx_word' id='word_1_122' title='bbox 828 2498 932 2577; x_wconf 78' lang='lat' dir='ltr'>diligit.</span> <span class='ocrx_word' id='word_1_123' title='bbox 957 2498 1063 2562; x_wconf 88' lang='lat' dir='ltr'>umbre</span> 
     </span>
     <span class='ocr_line' id='line_1_22' title="bbox 313 2582 1009 2667; baseline 0 -21"><span class='ocrx_word' id='word_1_124' title='bbox 313 2584 430 2647; x_wconf 82' lang='lat' dir='ltr'>&#39;laurus</span> <span class='ocrx_word' id='word_1_125' title='bbox 453 2591 482 2646; x_wconf 88' lang='grc'>31</span> <span class='ocrx_word' id='word_1_126' title='bbox 504 2585 645 2647; x_wconf 76' lang='grc'><strong>3311333131</strong></span> <span class='ocrx_word' id='word_1_127' title='bbox 670 2586 788 2663; x_wconf 83' lang='lat' dir='ltr'>quaerit</span> <span class='ocrx_word' id='word_1_128' title='bbox 810 2582 885 2647; x_wconf 88' lang='lat' dir='ltr'>ovile</span> <span class='ocrx_word' id='word_1_129' title='bbox 909 2603 1009 2667; x_wconf 89' lang='lat' dir='ltr'>pecus.</span> 
     </span>
     <span class='ocr_line' id='line_1_23' title="bbox 272 2667 1240 2750; baseline -0.001 -20"><span class='ocrx_word' id='word_1_130' title='bbox 272 2667 393 2732; x_wconf 83' lang='lat' dir='ltr'>Dulcius</span> <span class='ocrx_word' id='word_1_131' title='bbox 415 2672 445 2731; x_wconf 91' lang='lat' dir='ltr'>iu</span> <span class='ocrx_word' id='word_1_132' title='bbox 468 2670 564 2732; x_wconf 86' lang='lat' dir='ltr'>solitis</span> <span class='ocrx_word' id='word_1_133' title='bbox 585 2676 685 2732; x_wconf 79' lang='lat' dir='ltr'>centul</span> <span class='ocrx_word' id='word_1_134' title='bbox 707 2671 866 2750; x_wconf 88' lang='lat' dir='ltr'>plrilomele</span> <span class='ocrx_word' id='word_1_135' title='bbox 890 2670 1013 2741; x_wconf 80' lang='lat' dir='ltr'>rubetis,</span> <span class='ocrx_word' id='word_1_136' title='bbox 1205 2680 1240 2729; x_wconf 82' lang='grc'>33</span> 
     </span>
     <span class='ocr_line' id='line_1_24' title="bbox 313 2755 1000 2836; baseline -0.001 -20"><span class='ocrx_word' id='word_1_137' title='bbox 313 2755 445 2816; x_wconf 83' lang='lat' dir='ltr'>Eventus</span> <span class='ocrx_word' id='word_1_138' title='bbox 467 2756 565 2816; x_wconf 78' lang='lat' dir='ltr'>uarios</span> <span class='ocrx_word' id='word_1_139' title='bbox 587 2773 637 2818; x_wconf 87' lang='lat' dir='ltr'>res</span> <span class='ocrx_word' id='word_1_140' title='bbox 660 2773 734 2815; x_wconf 88' lang='lat' dir='ltr'>nore</span> <span class='ocrx_word' id='word_1_141' title='bbox 758 2773 878 2836; x_wconf 85' lang='lat' dir='ltr'>semper</span> <span class='ocrx_word' id='word_1_142' title='bbox 901 2755 1000 2817; x_wconf 87' lang='lat' dir='ltr'>hehet.</span> 
     </span>
     <span class='ocr_line' id='line_1_25' title="bbox 270 2837 1074 2918; baseline -0.004 -16"><span class='ocrx_word' id='word_1_143' title='bbox 270 2839 425 2902; x_wconf 87' lang='lat' dir='ltr'>Litterulis</span> <span class='ocrx_word' id='word_1_144' title='bbox 446 2838 595 2902; x_wconf 89' lang='lat' dir='ltr'>dominem</span> <span class='ocrx_word' id='word_1_145' title='bbox 619 2838 662 2900; x_wconf 88' lang='lat' dir='ltr'>rel</span> <span class='ocrx_word' id='word_1_146' title='bbox 686 2853 776 2918; x_wconf 88' lang='lat' dir='ltr'>seepe</span> <span class='ocrx_word' id='word_1_147' title='bbox 797 2837 916 2909; x_wconf 86' lang='lat' dir='ltr'>salutet,</span> <span class='ocrx_word' id='word_1_148' title='bbox 941 2849 973 2902; x_wconf 89' lang='lat' dir='ltr'>ut</span> <span class='ocrx_word' id='word_1_149' title='bbox 995 2841 1074 2902; x_wconf 89' lang='lat' dir='ltr'>inter</span> 
     </span>
     <span class='ocr_line' id='line_1_26' title="bbox 315 2925 971 3004; baseline -0.003 -17"><span class='ocrx_word' id='word_1_150' title='bbox 315 2925 432 2987; x_wconf 81' lang='lat' dir='ltr'>Funere</span> <span class='ocrx_word' id='word_1_151' title='bbox 456 2930 501 2986; x_wconf 92' lang='lat' dir='ltr'>tot</span> <span class='ocrx_word' id='word_1_152' title='bbox 522 2925 630 2985; x_wconf 88' lang='lat' dir='ltr'>totiens</span> <span class='ocrx_word' id='word_1_153' title='bbox 650 2942 683 2986; x_wconf 88' lang='lat' dir='ltr'>se</span> <span class='ocrx_word' id='word_1_154' title='bbox 705 2943 865 3004; x_wconf 84' lang='lat' dir='ltr'>superesse</span> <span class='ocrx_word' id='word_1_155' title='bbox 887 2926 971 2986; x_wconf 84' lang='lat' dir='ltr'>sciet.</span> 
     </span>
     <span class='ocr_line' id='line_1_27' title="bbox 268 3007 1009 3090; baseline -0.003 -20"><span class='ocrx_word' id='word_1_156' title='bbox 268 3009 368 3090; x_wconf 87' lang='lat' dir='ltr'>Seepc</span> <span class='ocrx_word' id='word_1_157' title='bbox 390 3009 513 3072; x_wconf 84' lang='lat' dir='ltr'>remisse</span> <span class='ocrx_word' id='word_1_158' title='bbox 536 3010 599 3069; x_wconf 83' lang='lat' dir='ltr'>viro</span> <span class='ocrx_word' id='word_1_159' title='bbox 621 3007 755 3070; x_wconf 89' lang='lat' dir='ltr'>mulieris</span> <span class='ocrx_word' id='word_1_160' title='bbox 778 3007 902 3089; x_wconf 83' lang='lat' dir='ltr'>epistole</span> <span class='ocrx_word' id='word_1_161' title='bbox 926 3009 1009 3071; x_wconf 90' lang='lat' dir='ltr'>dicit:</span> 
     </span>
     <span class='ocr_line' id='line_1_28' title="bbox 314 3093 1243 3173; baseline -0.004 -17"><span class='ocrx_word' id='word_1_162' title='bbox 314 3093 361 3157; x_wconf 86' lang='lat' dir='ltr'>Nil</span> <span class='ocrx_word' id='word_1_163' title='bbox 386 3093 458 3156; x_wconf 89' lang='lat' dir='ltr'>milri</span> <span class='ocrx_word' id='word_1_164' title='bbox 480 3093 639 3166; x_wconf 86' lang='lat' dir='ltr'>rescribes,</span> <span class='ocrx_word' id='word_1_165' title='bbox 662 3101 791 3155; x_wconf 79' lang='lat' dir='ltr'>ettamen</span> <span class='ocrx_word' id='word_1_166' title='bbox 814 3095 878 3173; x_wconf 88' lang='lat' dir='ltr'>ipse</span> <span class='ocrx_word' id='word_1_167' title='bbox 901 3095 982 3156; x_wconf 86' lang='lat' dir='ltr'>reni!</span> <span class='ocrx_word' id='word_1_168' title='bbox 1209 3101 1243 3152; x_wconf 85' lang='lat'>40</span> 
     </span>
     <span class='ocr_line' id='line_1_29' title="bbox 268 3177 1131 3260; baseline -0.003 -18"><span class='ocrx_word' id='word_1_169' title='bbox 268 3179 346 3242; x_wconf 82' lang='lat' dir='ltr'>Nem</span> <span class='ocrx_word' id='word_1_170' title='bbox 370 3197 551 3259; x_wconf 86' lang='lat' dir='ltr'>quemquern</span> <span class='ocrx_word' id='word_1_171' title='bbox 574 3197 665 3260; x_wconf 79' lang='lat' dir='ltr'>sapor·</span> <span class='ocrx_word' id='word_1_172' title='bbox 687 3188 733 3240; x_wconf 88' lang='lat' dir='ltr'>cst</span> <span class='ocrx_word' id='word_1_173' title='bbox 755 3178 842 3242; x_wconf 88' lang='lat' dir='ltr'>ellete</span> <span class='ocrx_word' id='word_1_174' title='bbox 866 3179 963 3242; x_wconf 89' lang='lat' dir='ltr'>dulcis</span> <span class='ocrx_word' id='word_1_175' title='bbox 985 3181 1017 3240; x_wconf 89' lang='lat' dir='ltr'>in</span> <span class='ocrx_word' id='word_1_176' title='bbox 1041 3177 1131 3247; x_wconf 84' lang='lat' dir='ltr'>unde,</span> 
     </span>
     <span class='ocr_line' id='line_1_30' title="bbox 315 3262 979 3347; baseline -0.006 -17"><span class='ocrx_word' id='word_1_177' title='bbox 315 3267 436 3330; x_wconf 81' lang='lat' dir='ltr'>Gratius</span> <span class='ocrx_word' id='word_1_178' title='bbox 458 3285 493 3328; x_wconf 89' lang='lat' dir='ltr'>ex</span> <span class='ocrx_word' id='word_1_179' title='bbox 516 3266 582 3347; x_wconf 89' lang='lat' dir='ltr'>ipso</span> <span class='ocrx_word' id='word_1_180' title='bbox 606 3265 686 3327; x_wconf 84' lang='grc'><strong>13313</strong></span> <span class='ocrx_word' id='word_1_181' title='bbox 710 3262 853 3326; x_wconf 78' lang='lat' dir='ltr'>lrilruntur</span> <span class='ocrx_word' id='word_1_182' title='bbox 875 3283 979 3344; x_wconf 81' lang='lat' dir='ltr'>equae.</span> 
     </span>
    </p>
   </div>
   <div class='ocr_carea' id='block_1_5' title="bbox 269 3489 1245 4036">
    <p class='ocr_par' dir='ltr' id='par_1_5' title="bbox 269 3489 1245 4036">
     <span class='ocr_line' id='line_1_31' title="bbox 341 3489 1242 3558; baseline -0.004 -15"><span class='ocrx_word' id='word_1_183' title='bbox 341 3489 608 3544; x_wconf 68' lang='lat' dir='ltr'>uerecundiam</span> <span class='ocrx_word' id='word_1_184' title='bbox 632 3497 710 3542; x_wconf 76' lang='lat' dir='ltr'>scrut:</span> <span class='ocrx_word' id='word_1_185' title='bbox 737 3491 771 3541; x_wconf 86' lang='lat' dir='ltr'>de</span> <span class='ocrx_word' id='word_1_186' title='bbox 794 3495 866 3558; x_wconf 84' lang='lat' dir='ltr'>rept.</span> <span class='ocrx_word' id='word_1_187' title='bbox 891 3491 1019 3556; x_wconf 86' lang='lat' dir='ltr'>Proserp.</span> <span class='ocrx_word' id='word_1_188' title='bbox 1043 3489 1133 3555; x_wconf 82' lang='lat' dir='ltr'>prees.</span> <span class='ocrx_word' id='word_1_189' title='bbox 1155 3491 1183 3540; x_wconf 83' lang='grc'>9.</span> <span class='ocrx_word' id='word_1_190' title='bbox 1202 3490 1242 3539; x_wconf 89' lang='grc'>10.</span> 
     </span>
     <span class='ocr_line' id='line_1_32' title="bbox 273 3556 1244 3626; baseline -0.005 -15"><span class='ocrx_word' id='word_1_191' title='bbox 273 3563 312 3616; x_wconf 84' lang='grc'><strong>111.</strong></span> <span class='ocrx_word' id='word_1_192' title='bbox 332 3559 399 3612; x_wconf 82' lang='lat' dir='ltr'>cod.</span> <span class='ocrx_word' id='word_1_193' title='bbox 418 3559 556 3615; x_wconf 79' lang='lat' dir='ltr'>dedicere.</span> <span class='ocrx_word' id='word_1_194' title='bbox 613 3562 656 3612; x_wconf 77' lang='lat'>80.</span> <span class='ocrx_word' id='word_1_195' title='bbox 676 3576 724 3626; x_wconf 92' lang='lat' dir='ltr'>pro</span> <span class='ocrx_word' id='word_1_196' title='bbox 743 3560 848 3610; x_wconf 90' lang='lat' dir='ltr'>ducunt</span> <span class='ocrx_word' id='word_1_197' title='bbox 866 3559 925 3612; x_wconf 90' lang='lat' dir='ltr'>cod.</span> <span class='ocrx_word' id='word_1_198' title='bbox 972 3562 1014 3612; x_wconf 78' lang='lat'>31.</span> <span class='ocrx_word' id='word_1_199' title='bbox 1032 3557 1119 3625; x_wconf 77' lang='lat' dir='ltr'>gloss.</span> <span class='ocrx_word' id='word_1_200' title='bbox 1137 3556 1244 3623; x_wconf 74' lang='lat' dir='ltr'>alleget</span> 
     </span>
     <span class='ocr_line' id='line_1_33' title="bbox 271 3625 1244 3696; baseline -0.004 -17"><span class='ocrx_word' id='word_1_201' title='bbox 271 3645 318 3694; x_wconf 87' lang='lat' dir='ltr'>per</span> <span class='ocrx_word' id='word_1_202' title='bbox 342 3628 405 3692; x_wconf 84' lang='lat' dir='ltr'>hos,</span> <span class='ocrx_word' id='word_1_203' title='bbox 428 3629 477 3694; x_wconf 85' lang='lat' dir='ltr'>qui</span> <span class='ocrx_word' id='word_1_204' title='bbox 495 3628 529 3679; x_wconf 88' lang='lat' dir='ltr'>de</span> <span class='ocrx_word' id='word_1_205' title='bbox 547 3627 611 3680; x_wconf 82' lang='lat' dir='ltr'>eliis</span> <span class='ocrx_word' id='word_1_206' title='bbox 630 3629 789 3696; x_wconf 74' lang='lat' dir='ltr'>regionibus</span> <span class='ocrx_word' id='word_1_207' title='bbox 807 3629 918 3680; x_wconf 76' lang='lat' dir='ltr'>evocati</span> <span class='ocrx_word' id='word_1_208' title='bbox 932 3625 992 3691; x_wconf 86' lang='lat' dir='ltr'>jem</span> <span class='ocrx_word' id='word_1_209' title='bbox 1012 3641 1062 3694; x_wconf 85' lang='lat' dir='ltr'>per</span> <span class='ocrx_word' id='word_1_210' title='bbox 1079 3626 1244 3678; x_wconf 82' lang='lat' dir='ltr'>decennium</span> 
     </span>
     <span class='ocr_line' id='line_1_34' title="bbox 270 3692 1244 3778; baseline -0.005 -30"><span class='ocrx_word' id='word_1_211' title='bbox 270 3699 520 3778; x_wconf 66' lang='lat' dir='ltr'>steterentcontre</span> <span class='ocrx_word' id='word_1_212' title='bbox 537 3695 669 3752; x_wconf 75' lang='lat' dir='ltr'>Graecos.</span> <span class='ocrx_word' id='word_1_213' title='bbox 737 3698 848 3751; x_wconf 75' lang='lat' dir='ltr'>tls-ut.</span> <span class='ocrx_word' id='word_1_214' title='bbox 867 3693 1003 3762; x_wconf 69' lang='lat' dir='ltr'>(Maxim.)</span> <span class='ocrx_word' id='word_1_215' title='bbox 1022 3696 1044 3758; x_wconf 84' lang='lat'>1,</span> <span class='ocrx_word' id='word_1_216' title='bbox 1065 3695 1178 3758; x_wconf 58' lang='lat'>4547,</span> <span class='ocrx_word' id='word_1_217' title='bbox 1196 3692 1244 3744; x_wconf 88' lang='lat' dir='ltr'>ubi</span> 
     </span>
     <span class='ocr_line' id='line_1_35' title="bbox 270 3771 1160 3898; baseline 0 -15"><span class='ocrx_word' id='word_1_218' title='bbox 270 3771 485 3898; x_wconf 47' lang='lat' dir='ltr'>umerguznzrp:</span> <span class='ocrx_word' id='word_1_219' title='bbox 496 3779 630 3883; x_wconf 53' lang='lat' dir='ltr'>dooddrglrit</span> <span class='ocrx_word' id='word_1_220' title='bbox 647 3832 835 3897; x_wconf 85' lang='lat' dir='ltr'>requiescens,</span> <span class='ocrx_word' id='word_1_221' title='bbox 854 3829 948 3898; x_wconf 84' lang='lat' dir='ltr'>diligit</span> <span class='ocrx_word' id='word_1_222' title='bbox 965 3829 1087 3880; x_wconf 75' lang='lat' dir='ltr'>umbram</span> <span class='ocrx_word' id='word_1_223' title='bbox 1106 3833 1160 3883; x_wconf 88' lang='lat' dir='ltr'>etc.</span> 
     </span>
     <span class='ocr_line' id='line_1_36' title="bbox 271 3895 1245 3968; baseline -0.005 -16"><span class='ocrx_word' id='word_1_224' title='bbox 271 3903 314 3952; x_wconf 77' lang='lat' dir='ltr'>su.</span> <span class='ocrx_word' id='word_1_225' title='bbox 332 3899 467 3964; x_wconf 73' lang='lat' dir='ltr'>(Maxim.)</span> <span class='ocrx_word' id='word_1_226' title='bbox 485 3902 507 3962; x_wconf 90' lang='lat'>1,</span> <span class='ocrx_word' id='word_1_227' title='bbox 526 3903 567 3952; x_wconf 72' lang='lat'>52.</span> <span class='ocrx_word' id='word_1_228' title='bbox 654 3900 696 3952; x_wconf 81' lang='grc'><strong>118.</strong></span> <span class='ocrx_word' id='word_1_229' title='bbox 714 3915 819 3968; x_wconf 79' lang='lat' dir='ltr'>mergo.</span> <span class='ocrx_word' id='word_1_230' title='bbox 838 3898 942 3965; x_wconf 86' lang='lat' dir='ltr'>probet.</span> <span class='ocrx_word' id='word_1_231' title='bbox 1026 3899 1068 3950; x_wconf 79' lang='lat' dir='ltr'>to.</span> <span class='ocrx_word' id='word_1_232' title='bbox 1087 3895 1182 3949; x_wconf 82' lang='lat' dir='ltr'>Ovidii</span> <span class='ocrx_word' id='word_1_233' title='bbox 1201 3899 1245 3948; x_wconf 81' lang='lat' dir='ltr'>set</span> 
     </span>
     <span class='ocr_line' id='line_1_37' title="bbox 269 3966 1091 4036; baseline -0.002 -14"><span class='ocrx_word' id='word_1_234' title='bbox 269 3969 472 4036; x_wconf 75' lang='lat' dir='ltr'>Heroid.1,2.</span> <span class='ocrx_word' id='word_1_235' title='bbox 540 3971 582 4026; x_wconf 84' lang='grc'><strong>41.</strong></span> <span class='ocrx_word' id='word_1_236' title='bbox 600 3971 641 4021; x_wconf 77' lang='lat'>42.</span> <span class='ocrx_word' id='word_1_237' title='bbox 661 3967 757 4020; x_wconf 81' lang='lat' dir='ltr'>Ovidii</span> <span class='ocrx_word' id='word_1_238' title='bbox 776 3969 858 4019; x_wconf 79' lang='lat' dir='ltr'>Puni.</span> <span class='ocrx_word' id='word_1_239' title='bbox 878 3967 929 4031; x_wconf 86' lang='lat'>111,</span> <span class='ocrx_word' id='word_1_240' title='bbox 948 3969 972 4030; x_wconf 77' lang='lat' dir='ltr'>b,</span> <span class='ocrx_word' id='word_1_241' title='bbox 993 3968 1032 4022; x_wconf 85' lang='grc'>11.</span> <span class='ocrx_word' id='word_1_242' title='bbox 1054 3966 1091 4020; x_wconf 85' lang='grc'>18.</span> 
     </span>
    </p>
   </div>
   <div class='ocr_carea' id='block_1_6' title="bbox 0 0 1690 4788">
    <p class='ocr_par' dir='ltr' id='par_1_6' title="bbox 0 0 1690 4788">
     <span class='ocr_line' id='line_1_38' title="bbox 0 0 1690 4788; baseline 0 1"><span class='ocrx_word' id='word_1_243' title='bbox 0 0 1690 4788; x_wconf 95' lang='lat' dir='ltr'> </span> 
     </span>
    </p>
   </div>
  </div>
 </body>
</html>
