3368 4792
384 627 425 694 10
716 629 779 682 Lib.
794 631 815 686 l.
840 630 1022 686 Prooemium.

383 789 545 851 llesionem
569 785 713 849 'lolarnon
736 787 911 864 tletlnxerat,
933 788 1011 851 harre
1033 791 1197 872 repetenrln
1339 801 1355 853 5

383 874 430 939 Nil
453 877 515 955 agit
537 876 684 944 Antenor:
709 873 837 937 ultorem
861 892 893 936 se
917 874 1000 938 Paris
1022 878 1118 948 ollert,

385 961 566 1024 Dissuadent
587 961 684 1044 aliqui.
709 961 761 1022 secl
785 963 903 1042 navigat
925 961 984 1034 ille,
1008 974 1158 1044 repertum

384 1049 541 1111 [testaceus
564 1048 706 1111 Helenam
730 1047 824 1112 Troes
848 1046 1005 1120 laetantur,
1029 1050 1149 1112 Atrides

383 1133 520 1196 Fratrem
542 1133 664 1204 solatur,
687 1133 845 1196 vindictam
869 1134 992 1196 Graecia
1017 1134 1116 1206 dictat,

383 1218 447 1280 llcx
469 1219 671 1298 Agamemnon
696 1221 763 1296 erit,
785 1218 961 1297 ratibusque
982 1219 1119 1281 studetur
1143 1227 1172 1282 et
1194 1223 1294 1282 armis.
1324 1231 1356 1280 ιο

639 1505 688 1560 ΒΕ
706 1503 889 1562 l'llOCla'SSU
908 1504 1094 1561 anulonis.

470 1681 640 1744 Praemisso
663 1683 817 1762 prooemio
841 1692 870 1743 et
893 1682 1050 1763 descriptis
1072 1682 1159 1762 primi
1181 1680 1250 1744 libri
1275 1684 1356 1762 capi-

386 1766 458 1830 tulls
486 1775 606 1837 auctor,
641 1775 816 1846 praenotato
846 1774 1034 1846 competente
1063 1767 1238 1848 proverbio,
1273 1785 1356 1830 more

385 1853 565 1934 scriptorum
589 1855 733 1933 proponit
761 1860 791 1913 et
820 1855 937 1914 invocat
963 1859 996 1914 ut
1018 1851 1224 1915 rationabilius
1246 1853 1281 1914 ad
1307 1872 1356 1914 or·

386 1939 488 2000 dinem
511 1939 693 2000 narrationis
715 1937 851 2009 accedat;
874 1940 1016 2017 proponit
1038 1955 1105 1998 cum
1130 1940 1226 2018 posito
1249 1955 1356 2000 secun·

386 2024 457 2085 dum
480 2025 688 2086 auctoritatem
712 2023 807 2085 Ovidii
831 2023 910 2103 quorl
934 2022 1182 2085 delectamentum
1207 2024 1301 2102 magis
1323 2042 1357 2087 ac

386 2111 480 2189 magis
509 2108 613 2172 illiciat
640 2109 823 2179 studiosum
852 2110 952 2170 statim
975 2107 1102 2188 srrlrjeclt
1123 2110 1204 2191 quoti
1228 2119 1357 2172 tractare

386 2196 459 2257 velit
486 2213 554 2257 cunr
590 2195 675 2256 dicit:
710 2193 823 2258 Taliter
852 2196 869 2257 i.
898 2213 923 2256 e.
959 2194 1009 2257 tali
1040 2195 1129 2257 morio
1158 2195 1244 2258 stilus
1274 2214 1358 2258 meus

388 2281 466 2344 illem
490 2280 623 2344 studium
649 2299 747 2343 meum
772 2284 832 2343 ruit
853 2283 883 2342 in
907 2299 989 2344 arma
1013 2279 1057 2342 rel
1082 2281 1192 2345 trellum
1209 2282 1357 2345 Troianae

388 2368 542 2430 historiae.
587 2367 663 2429 licce
690 2371 844 2449 expressio
870 2387 935 2430 mea
964 2371 1081 2450 quaerit
1110 2371 1276 2431 recitationi
1307 2369 1358 2431 ‹le-

387 2471 471 2515 mere
499 2453 570 2514 laisa
600 2461 629 2514 et
654 2471 794 2533 promere
824 2455 842 2513 i.
868 2473 895 2514 e.
919 2455 1054 2514 scribere
1077 2473 1155 2515 vera.
1202 2455 1280 2516 Ecce
1304 2473 1356 2514 ex·

388 2540 503 2617 pressio
520 2539 645 2600 iormae.
688 2537 808 2599 invocat
828 2556 896 2599 cum
914 2538 1080 2616 subiungit:
1109 2537 1357 2618 ,‚nutomedon*)

388 2641 478 2684 verus
508 2629 538 2684 et
565 2624 615 2700 qui
638 2622 717 2683 ridet
738 2625 838 2684 omnia
862 2621 1034 2684 Plroebus.“
1078 2623 1196 2685 lnrocat
1218 2627 1358 2686 Autome·

390 2707 513 2769 dentem
537 2707 581 2767 vel
605 2710 739 2786 aurigam
762 2705 845 2768 illum
870 2710 920 2784 qui
944 2717 990 2768 est
1011 2725 1119 2768 currus
1142 2706 1231 2770 lsrael
1254 2716 1284 2768 et
1306 2727 1358 2770 au·

390 2795 454 2870 riga
478 2792 555 2872 ejus,
578 2793 646 2853 ideo
670 2791 803 2872 adjungit
818 2809 921 2864 rerus;
945 2803 974 2854 et
989 2791 1072 2854 illum
1087 2792 1252 2864 Phoebum,
1275 2797 1359 2856 cuins

387 2886 459 2940 sum
488 2876 565 2939 ocrrli
595 2888 628 2938 at
651 2878 767 2941 llamma
796 2879 873 2958 ignis
901 2886 930 2939 et
957 2886 1115 2958 penetrant
1137 2898 1231 2961 usqne
1254 2879 1290 2940 ad
1314 2879 1359 2942 di·

388 2965 531 3024 visionem
561 2965 672 3044 speciei
701 2973 731 3025 et
758 2965 874 3025 animae
909 2975 939 3025 et
967 2983 1025 3025 nou
1059 2974 1105 3025 est
1135 2965 1193 3026 ulla
1222 2972 1358 3027 creatura

389 3048 547 3112 inrislbilis
570 3053 602 3111 in
624 3059 786 3130 conspeetu
810 3045 942 3129 cjrrs**).
987 3049 1194 3130 Propositione
1224 3061 1254 3112 et
1276 3053 1358 3113 inro-

389 3135 506 3197 catione
540 3134 616 3196 iacta
651 3137 749 3198 statim
785 3137 950 3198 secuudum
981 3135 1147 3198 doctrinam
1176 3136 1293 3198 Horatii
1322 3136 1358 3198 ud

391 3229 530 3281 eventum
560 3220 680 3282 festinat
707 3230 736 3282 et
762 3222 792 3282 in
823 3220 936 3282 mertias
964 3238 1014 3284 res
1036 3230 1066 3283 et
1087 3221 1288 3282 narrationem
1313 3225 1359 3283 in·

389 3306 478 3367 clroat
500 3305 617 3369 dicens:
655 3304 796 3376 „Cretlrei
829 3305 960 3385 proles.“
1006 3305 1150 3367 Cratlreus
1183 3304 1262 3368 illius
1295 3314 1360 3367 erat

388 3389 481 3463 Aeoli,
504 3409 594 3473 quem
618 3389 790 3454 fabulantur
818 3391 907 3454 deum
930 3401 1102 3464 ventorum,
1132 3401 1162 3454 et
1184 3393 1280 3455 Pelias
1304 3395 1360 3455 ista

390 3475 510 3538 Cretlrei
534 3485 598 3538 erat
620 3476 698 3539 illius
722 3485 753 3538 et
774 3479 867 3540 irater
883 3479 1008 3541 Aesonis
1024 3485 1054 3540 et
1071 3477 1286 3558 l‘elopeusibus
1303 3481 1358 3540 im·

389 3561 530 3642 perabat,
565 3580 653 3642 quarn
683 3564 831 3625 civitatem
860 3562 968 3644 Pelops
997 3562 1076 3625 salius
1103 3563 1220 3625 'lautali
1251 3564 1360 3625 (licitur

389 3650 534 3710 struxisse
556 3657 588 3710 et
610 3646 646 3709 ab
670 3647 733 3729 ejus
756 3650 877 3712 nomine
899 3649 937 3711 sit
958 3657 1072 3712 vocata.

458 3935 483 3987 8.
502 3951 517 3986 e
536 3936 672 4001 margine,
692 3941 786 3987 textus
805 3952 901 3987 rasura
920 3936 1073 4002 illogibiiis.
1144 3933 1170 3998 *)
1189 3937 1258 3986 Mse.
1275 3935 1360 3986 Anto·

389 4001 487 4053 medon
506 4010 538 4055 ut
556 4018 672 4070 semper.
744 4004 789 4068 **)
808 4005 861 4069 Ep.
881 4004 917 4054 nd
936 4004 1021 4055 Hebr.
1041 4005 1089 4067 iv,
1110 4005 1150 4054 aa.
