3296 4784
530 633 571 698 12
869 635 972 685 nint
1001 636 1159 688 ’.ΞΘ-68.

571 789 608 851 H
630 788 777 851 ioecunda
799 791 871 850 iacit
893 801 1014 869 pectora
1039 789 1137 850 landis
1158 807 1253 850 arnor.

530 876 594 944 ibo,
617 878 720 945 reiert
742 874 855 936 dentur
876 877 952 935 socii
975 879 1119 953 narisque
1142 887 1274 955 paretur.

571 965 670 1042 Argus
691 971 767 1023 erat
806 961 956 1029 Pahricet.
979 981 1032 1022 rex
1055 966 1109 1038 ait,
1131 967 1211 1040 Argo
1234 971 1327 1022 rocet-

630 1093 746 1149 tason
764 1093 934 1150 hautun·
951 1093 1023 1146 PRO
1042 1092 1210 1146 munus
1228 1092 1361 1147 amo,

529 1201 678 1262 Rumam
699 1199 774 1261 hinc
796 1199 868 1259 inde
890 1197 989 1258 rotant
1010 1199 1048 1257 «ie
1070 1199 1196 1264 Iasone:
1218 1199 1322 1270 lason,

574 1284 611 1346 Ut
634 1282 730 1344 rebus
752 1287 858 1364 rapiat,
881 1283 1013 1344 Coichon
1036 1285 1120 1344 arbre
1144 1297 1237 1364 parat
1475 1294 1515 1343 3ο

529 1369 674 1448 Exsurgit
697 1373 780 1431 naris
802 1370 1015 1448 pulcherrirna,
1039 1371 1174 1450 velleque
1197 1381 1292 1431 totnm

572 1456 684 1526 thinis,
708 1465 741 1517 nt
763 1461 849 1518 heret
871 1456 954 1516 vahir.
977 1467 1108 1526 vernusia.
1133 1459 1197 1518 nni.

529 1545 654 1607 Graecia
677 1543 753 1607 laeta
776 1548 864 1614 iacet.
888 1545 1042 1626 applaudit
1064 1545 1161 1614 turba,
1180 1545 1322 1624 jur-enus

572 1632 696 1694 siliciae
717 1633 801 1694 ducit
822 1632 940 1711 gandia,
962 1633 1090 1713 spondet
1113 1651 1212 1712 opem.

529 1719 621 1782 tason
643 1718 821 1780 adhortatur
843 1723 950 1789 socios,
975 1731 1008 1781 nt
1029 1722 1148 1801 quando
1171 1722 1272 1781 rotari
1473 1730 1510 1780 35

573 1804 641 1866 ilios
663 1808 824 1883 contingat.
847 1809 976 1886 quisque
998 1819 1120 1886 paratus
1141 1817 1199 1867 eat

530 1891 621 1952 navis
643 1894 807 1971 perficitur,
829 1910 927 1951 annus
949 1894 1052 1952 iinitur
1074 1903 1105 1953 et
1127 1911 1198 1953 eece

573 1975 617 2036 {lii
640 1976 785 2038 laetanter
807 1975 1024 2054 aggrediuntur
1046 1981 1116 2038 iter.

530 2060 678 2140 imprimit
700 2062 746 2121 his
769 2061 866 2122 Pelias
888 2071 1058 2123 constantes
1080 2081 1156 2131 esse,
1181 2063 1257 2122 ririii

574 2145 699 2216 Pectore
722 2149 909 2225 propositum
933 2151 1112 2208 continuare
1134 2167 1230 2215 sunni.
1468 2157 1504 2206 to

530 2231 665 2300 „Pendet
686 2233 717 2292 iu
739 2230 797 2291 hoe
819 2251 911 2311 opere
934 2236 1032 2293 nostri
1056 2234 1171 2302 noticia,
1196 2237 1272 2293 [arria

573 2317 682 2390 Vestri,
704 2315 892 2394 Graiugenae
914 2317 1008 2394 gioria
1030 2321 1166 2395 gentis“‚
1189 2321 1239 2378 ait

728 2445 844 2498 JASON
862 2445 1096 2499 DEPELLITUB
1113 2447 1190 2500 cuit
1208 2446 1297 2499 SL'IS.

529 2550 684 2623 niungunt
706 2547 875 2625 Phrygiam,
898 2549 1009 2609 Simois
1031 2550 1111 2610 havit
1133 2550 1238 2609 obrius
1261 2551 1330 2618 ibis.

573 2631 657 2691 biens
678 2632 745 2698 tuit
768 2641 802 2690 ut
824 2641 930 2711 portus
950 2633 1138 2710 eligerentur
1156 2634 1208 2694 ihi.

530 2717 650 2778 Ancora
673 2714 843 2796 projicitur,
865 2715 975 2778 saliunt
998 2721 1028 2779 in
1052 2717 1138 2779 litora
1162 2718 1242 2788 laeti,
1467 2731 1499 2780 45

573 2801 697 2862 hiiratnr
719 2820 752 2862 se
774 2819 840 2863 rena
863 2813 943 2865 terra
967 2804 1067 2864 ridere
1091 2823 1207 2865 norant.

531 2887 769 2952 tacmeuonnas
791 2891 926 2951 ascendit
947 2910 1052 2952 rumen
1074 2893 1105 2954 in
1128 2912 1226 2962 aures,

573 2977 739 3038 iiirannarn
764 2977 931 3058 Phrygibus
953 2979 1136 3060 ungite-uisse
1158 2991 1264 3048 retent.

529 3063 696 3142 ,inilicitum
720 3065 836 3146 populis
858 3066 938 3147 elnon
961 3066 1049 3148 plena
1071 3070 1110 3130 sit
1132 3077 1162 3129 et
1183 3071 1253 3150 quia
1275 3068 1370 3131 iortoe

573 3151 639 3214 Sint
660 3151 750 3211 simui
772 3161 803 3212 et
822 3151 957 3229 juvenes,
980 3173 1115 3235 quosque
1137 3164 1260 3235 stupere
1282 3155 1373 3218 rides
1462 3168 1496 3218 to

530 3236 608 3297 hex:
632 3235 822 3315 „Phrygibus
844 3237 932 3298 cedet
952 3239 983 3298 in
1007 3257 1113 3316 magna
1137 3242 1280 3319 pericula,
1303 3243 1417 3304 simos

573 3321 628 3382 llic
651 3321 850 3400 increbuerit,
872 3325 924 3404 qui
947 3324 1036 3385 modo
1059 3328 1188 3404 coepit“‚
1211 3329 1261 3396 ait,

530 3403 676 3477 „Scilicet
697 3418 729 3467 ut
751 3409 884 3476 iuvenes,
907 3411 958 3489 qui
981 3413 1078 3470 nutrit
1099 3412 1233 3480 Graecia,
1256 3411 1375 3474 discant

571 3490 695 3552 Taiibus
716 3493 748 3551 in
771 3503 907 3554 nostrum
931 3492 1057 3555 naribus
1078 3495 1122 3556 ire
1144 3495 1276 3559 solnm“.

531 3577 625 3638 iratus
648 3579 739 3638 mittit
760 3578 798 3638 ad
821 3587 939 3659 portuno
963 3578 1063 3641 dicore
1086 3583 1225 3644 Graecis:
1462 3595 1492 3644 to

573 3664 631 3722 Vos
651 3662 736 3742 jubet
758 3681 794 3722 ex
815 3682 909 3742 regno
932 3683 984 3725 rex
1009 3684 1175 3746 properare
1197 3688 1263 3730 suo.

532 3747 659 3814 Cedurn.
683 3747 816 3809 Coichon
838 3757 920 3819 eunt,
945 3767 1001 3810 nec
1023 3750 1130 3832 adepta
1152 3753 1232 3832 pelte
1254 3757 1421 3831 quiescunt,

574 3830 685 3890 Narem
709 3832 925 3902 conscendunt,
949 3838 1071 3914 propria
1095 3845 1172 3897 tecta
1196 3847 1313 3916 petunt

597 3965 639 4014 5¹1.
674 3963 741 4014 ttae.
761 3965 889 4018 creduut.
