3426 4786
443 764 534 821 Vl'l'A
547 764 798 822 wlnnlnnonnl
816 765 992 825 nunnius.
1015 765 1081 829 ule.
1094 767 1130 829 ll.
1230 769 1270 836 21

304 919 376 986 Hac
398 922 448 987 vir
469 920 666 1007 apostolicus
688 921 795 988 forma
817 943 961 988 maerore
983 923 1109 989 solutus

304 1006 461 1073 anratus
484 1006 645 1072 modicum
669 1005 837 1072 doctrinae
858 1029 964 1074 merce
986 1009 1140 1074 lucellum

304 1089 454 1189 Triginta
474 1092 576 1157 lectos
598 1112 707 1156 secum
730 1094 911 1156 transvexit
932 1091 1085 1177 ephebos,

304 1173 418 1241 Lonca
438 1175 513 1241 fidei
535 1174 687 1259 munivit,
712 1175 834 1241 casside
857 1177 957 1261 verbi,

265 1279 291 1319 eo
304 1259 390 1324 Ditis
412 1263 630 1326 commentum
651 1261 823 1346 praevenit
844 1264 878 1327 et
897 1261 1177 1347 impedimentum,

304 1344 419 1413 Abluit
439 1370 460 1411 a
480 1368 578 1430 noxa,
601 1367 698 1431 quam
720 1347 885 1413 contraxit
906 1353 998 1413 vetus
1020 1347 1136 1413 Adam.

345 1431 402 1496 XI.
432 1431 494 1498 Sed
510 1434 588 1517 quie
608 1432 655 1497 nil
671 1431 802 1518 laetum,
815 1433 864 1499 nil
886 1437 935 1498 est
955 1434 990 1498 in
1006 1454 1102 1498 carna
1118 1433 1275 1520 quietum,

303 1515 408 1582 Immo
432 1518 591 1601 turbetur,
614 1517 702 1602 qnod
724 1521 917 1603 conceptum
940 1523 1123 1604 generatur,
1362 1525 1369 1534 ‘

303 1601 444 1669 Evectus
465 1603 541 1669 navi
564 1604 704 1668 iactatur
724 1603 856 1669 turbine
878 1603 1005 1690 grandi,

265 1705 291 1748 es
305 1686 381 1754 Non
401 1692 511 1754 tamen
535 1688 677 1754 afficitur
698 1689 832 1772 iactura,
855 1711 923 1755 non
945 1692 1137 1770 remoratur,

305 1772 367 1840 Sed
389 1775 455 1840 reci
479 1775 506 1840 it
527 1773 641 1840 laceris
663 1773 757 1839 illum
780 1773 886 1840 brevis
908 1774 1015 1839 insula
1035 1775 1156 1860 remiss

304 1857 414 1925 Insula
462 1860 640 1927 ositeslnnd
662 1861 722 1926 sub
746 1859 926 1927 Frosonum
948 1859 1085 1929 dicione.

304 1945 461 2014 Planities
483 1947 543 2014 lati
565 1950 658 2032 patet
678 1947 732 2013 hic
750 1946 940 2099 paratissima
962 1947 1078 2033 campi,

306 2033 460 2102 Gramine
482 2033 601 2101 fertilis
624 2038 674 2100 est
695 2037 729 2100 et
773 2034 891 2116 oribus,
915 2033 1013 2100 ubere
1035 2033 1181 2122 glaebae.

267 2139 294 2180 n
307 2119 410 2220 Laeta
429 2121 552 2188 virecta
574 2142 691 2219 greges
713 2125 853 2206 carpunt
873 2119 1055 2220 abdomine·
1070 2120 1218 2220 pingues.

305 2205 411 2292 Longi
434 2211 532 2272 nocte
552 2207 645 2272 brevi
667 2210 862 2291 reparantur
882 2205 1002 2271 damna
1025 2205 1099 2288 dmi,

306 2288 372 2355 Ros
394 2290 500 2356 reddit
519 2291 645 2377 gelidus
668 2293 827 2438 pnantnm
850 2290 1088 2373 consumpserit
1108 2292 1226 2355 aestus.

306 2373 421 2440 Manat
442 2397 544 2461 aquae
566 2376 652 2462 iugis
685 2378 758 2457 bns,
782 2374 870 2440 unda
891 2373 1146 2458 superstitionis3

307 2457 368 2534 Qui
392 2459 474 2524 bibit
495 2460 582 2543 inde,
605 2465 699 2538 tacet,
722 2459 784 2524 ieri
807 2459 937 2545 penitus
959 2458 1043 2523 nihil
1065 2457 1172 2541 audet,

266 2563 293 2602 n
306 2543 382 2608 Non
405 2544 523 2610 mutire
545 2544 631 2623 licet,
654 2543 763 2609 tacitis
785 2565 852 2608 vox?
872 2543 1021 2608 faucibus
1043 2543 1166 2607 haeret.

305 2625 453 2695 iniectos
471 2628 587 2695 situlae
609 2650 759 2695 nummos
782 2650 849 2695 non
872 2627 1037 2694 contrahit
1057 2626 1098 2692 ad
1121 2648 1165 2712 se,

307 2715 396 2796 Orat,
419 2719 456 2782 nt
478 2717 610 2796 accedit,
633 2717 681 2782 sic
702 2719 784 2798 orat,
808 2715 937 2801 quando
960 2713 1090 2782 recedit.
1199 2721 1279 2779 nee*

305 2800 476 2869 Excelitur
497 2803 608 2868 fanum
631 2802 782 2869 sollemni
805 2824 894 2869 more
915 2801 1109 2887 profanum:

309 2887 412 2955 Nemo
434 2889 540 2956 viator
562 2888 639 2969 adit,
662 2888 726 2955 nisi
749 2911 845 2974 quem
868 2888 921 2953 via
943 2886 1074 2974 longior
1095 2884 1200 2971 angit,

267 2995 294 3036 eo
307 2973 423 3060 Nemo,
445 2975 531 3076 quod
554 2979 641 3042 errat
662 2974 718 3058 ibi,
741 2997 840 3061 pecus
862 2979 912 3040 ost
932 2971 1106 3040 formidine
1128 2970 1197 3056 lati,
1243 3054 1249 3068 .

307 3058 393 3126 Nem
415 3083 472 3146 qur
517 3062 685 3140 raesumit,
708 3061 808 3146 perit,
831 3060 919 3126 hunc
941 3081 1011 3124 sors
1033 3057 1149 3123 ultima
1171 3059 1277 3141 punit.

307 3144 377 3212 Hac
399 3145 434 3211 in
456 3084 540 3212 valle
562 3147 625 3211 eibi
647 3146 743 3212 iussit
764 3146 906 3211 tentoria
928 3144 1028 3222 teudi,

307 3231 445 3298 Gentem
470 3231 514 3298 eit
534 3233 657 3298 cultum
679 3232 841 3318 ritumque
863 3229 1136 3315 superstitiosum,

308 3316 384 3384 Non
406 3255 531 3384 rabiem
552 3318 640 3405 regis
661 3317 780 3398 timuit,
804 3338 873 3383 non
895 3315 1003 3402 iurgia
1023 3313 1141 3400 gentis,

269 3423 297 3464 aa
310 3402 447 3470 Mactari
470 3426 600 3470 mensae
622 3403 771 3490 permisit
792 3402 930 3489 pinguia
952 3421 1107 3487 quaeque,

310 3489 389 3557 Tres
411 3491 447 3556 in
469 3491 559 3557 fonte
583 3492 670 3557 viros
693 3489 872 3576 baptizavit
893 3491 1077 3566 renovatos,

310 3575 395 3644 Sivit
417 3578 458 3644 ab
481 3577 602 3644 urceoli
624 3576 726 3644 fundo
749 3575 905 3642 libamina
927 3574 1009 3641 tolli.

378 3768 411 3818 tt
433 3777 544 3818 merore
570 3763 630 3818 GT
705 3767 739 3816 60
761 3761 894 3831 prevenit
917 3759 975 3815 GT
1007 3756 1233 3826 inpedimentum
1258 3755 1283 3809 G

310 3835 342 3884 6-2
371 3830 460 3885 letum
484 3829 510 3883 Τ
584 3837 618 3885 63
646 3831 832 3898 consaeptum
861 3828 887 3882 G
943 3832 994 3906 uo?
1017 3825 1070 3905 lios
1090 3820 1202 3877 molend
1227 3819 1287 3875 GT

310 3896 459 3974 teglebee
473 3897 533 3953 GT
584 3895 739 3952 ronan?
759 3964 765 3976 ⁵
783 3895 1041 4003 perpennam
1087 3889 1113 3943 Τ
1127 3894 1204 4012 10ss
1204 3889 1287 4011 ingl}

310 3964 554 4159 dfilsstilllrglrtll
568 3963 781 4159 prgplrglilssdlrll
830 3961 1158 4101 ddcddllllmllvnltlnlle
1189 4039 1284 4094 snper·

310 4119 323 4159 a
349 4119 457 4160 crorum
673 4119 714 4156 mr
