3340 4788
575 664 637 716 rra.
657 667 688 715 u.
718 680 743 717 v.
761 668 905 719 ees-eea.
1166 666 1227 732 139

295 818 399 882 Celent
421 817 594 880 aethereum
618 817 729 899 spicula
753 819 844 882 clerrsa
869 838 987 899 rogum.

252 903 468 986 Quadrupedes
490 902 601 966 lulnrm
624 904 768 966 mandunt
791 903 847 966 suh
870 905 1011 986 cientibus
1034 925 1140 970 aurum
1174 918 1225 968 225

298 990 335 1051 Et
356 997 479 1053 uerrunt
499 987 627 1070 pedihus
649 991 839 1070 impatienter
862 990 997 1066 humum,

254 1074 425 1137 horrisonis
448 1093 552 1136 vacuas
575 1076 700 1153 impleut
723 1074 891 1137 hinnitibus
914 1095 1017 1148 aurem

297 1159 449 1241 Tanquam
473 1158 651 1240 cornipedes
674 1157 749 1221 heila
773 1162 857 1222 sitire
879 1169 977 1243 putes.

254 1243 322 1305 Vela
346 1242 455 1316 lerant,
478 1244 608 1322 aquilam
633 1247 745 1312 eristat.
769 1247 864 1327 quatit
887 1266 958 1308 sura
983 1245 1124 1317 volantes,

297 1331 352 1392 llic
376 1332 475 1392 videas
497 1327 638 1408 gryphus,
663 1329 710 1390 hic
733 1329 859 1392 uolitare
882 1351 983 1410 grues.
1175 1343 1226 1391 aau

253 1415 292 1476 Se
315 1415 436 1494 rapiunt
458 1415 547 1492 acies,
570 1414 757 1476 contundunt
780 1413 903 1478 ensibus
926 1436 1013 1478 enses

296 1499 347 1560 ilia
370 1499 521 1578 percurrit
543 1499 655 1567 lancea,
679 1517 783 1559 mucre
806 1499 915 1577 gerlam.

254 1583 296 1645 Ex
321 1600 448 1644 renum
472 1600 581 1643 nomen
605 1581 713 1644 haheat
736 1581 780 1642 rel
803 1593 888 1645 aerata
912 1585 1036 1653 securis,

299 1669 321 1727 Α
344 1685 414 1728 seco
435 1665 605 1735 descendat.
630 1685 695 1727 ossa
719 1674 852 1729 trecenta
876 1677 966 1730 secat.

253 1755 292 1814 At
313 1750 426 1813 medias
448 1753 527 1812 inter
550 1752 628 1811 ecies
651 1749 763 1813 exultet
784 1754 924 1820 Amazon.
1173 1761 1225 1812 aaa

298 1836 447 1916 Accipiter
469 1835 584 1897 merlias
608 1844 639 1896 ut
662 1835 739 1897 velat
762 1837 839 1898 inter
863 1855 941 1898 aues.

256 1920 364 2002 llejicit
385 1922 434 1984 hic
456 1926 552 2002 Argos
575 1927 604 1982 et
626 1925 773 2001 sangiune
795 1921 937 2003 compluit
959 1940 1056 2002 agros,

299 2006 427 2070 linsihus
449 2006 617 2069 obstructas
639 2008 762 2088 ampliat
784 2028 854 2070 ense
879 2010 950 2070 uias.

255 2095 369 2172 hspera
392 2093 510 2155 clrrravtt
527 2091 687 2174 aliquantis
710 2113 808 2176 pugna
832 2093 946 2160 elichus.

303 2181 338 2242 h't
360 2179 464 2261 plures
486 2175 575 2241 morti
597 2188 668 2242 arunt
689 2179 849 2260 utrobique
872 2180 944 2243 (lati.
1176 2187 1227 2238 240

258 2265 442 2328 Penthesilea
466 2264 529 2326 dies
552 2267 581 2326 in
606 2282 704 2342 pugna
727 2267 846 2327 censseit
869 2283 973 2328 omnes

299 2350 336 2410 Et
357 2349 476 2411 demum
499 2349 631 2412 Graecos
654 2352 684 2410 in
707 2369 758 2412 sua
782 2361 878 2412 castra
901 2351 994 2428 furgat.

257 2435 293 2495 Et
315 2435 373 2495 ulsi
396 2436 604 2512 magnanimus
629 2435 785 2496 lliemetles
807 2435 911 2496 cluvius
936 2438 1016 2502 isset,

299 2517 428 2580 Navibus
450 2526 480 2578 et
501 2520 608 2580 eastris
630 2517 733 2580 ultima
758 2519 827 2580 luna
851 2519 937 2579 ieret.

257 2603 379 2664 lurolrit
400 2601 543 2665 muntium
568 2621 624 2663 um
649 2603 782 2671 lurnrirla.
806 2621 905 2685 pugna
929 2604 1069 2684 quiescit,
1177 2610 1228 2661 245

299 2690 441 2770 Pergama
465 2709 532 2751 cum
555 2687 724 2770 Phrygibus
748 2687 933 2752 Penthesilea
957 2687 1047 2752 suhit.

511 2855 663 2928 [PYRRHI
682 2855 978 2927 DECLAMATIO.]*)
1006 2897 1009 2904 .

258 2965 309 3026 Ala
333 2962 476 3043 puellaris
498 2962 604 3024 mediis
625 2965 757 3042 inprime
780 2961 886 3032 diebus

301 3049 432 3109 Graecos
454 3051 484 3107 ln
508 3047 584 3108 helle
609 3064 680 3107 voce
703 3047 850 3124 minisque
874 3052 967 3106 vocat.

261 3133 373 3192 Graeca
396 3138 513 3192 caterva
537 3128 613 3199 silet,
637 3131 733 3190 mrrnlt
755 3131 874 3198 fossata.
899 3128 1032 3208 quiescit.
1085 3195 1089 3202 ,

306 3216 405 3276 Donec
428 3223 487 3276 tam
511 3213 625 3296 Pyrrhe
649 3231 736 3292 quam
760 3213 891 3274 hlenelac
914 3211 1011 3274 renisi
1061 3287 1063 3292 Ι
1179 3219 1231 3269 250

261 3302 322 3363 lter
346 3301 386 3361 ita
410 3298 569 3361 mandarit.
595 3301 730 3364 Veniunt.
765 3297 955 3379 Pyrrhusqus
978 3295 1125 3375 regendus

300 3387 504 3468 hlyrurirluues
529 3387 638 3468 recipit
659 3383 859 3466 uulriliterque
881 3384 968 3462 regit.

261 3473 412 3538 t‘tetutner
435 3475 528 3556 patris
551 3491 632 3535 arrna
656 3471 733 3533 levat
755 3472 879 3552 uisuque
901 3469 1041 3551 sepulcro

328 3649 388 3700 ἥδ.
406 3646 483 3714 Virg.
500 3646 570 3696 Aen.
589 3643 649 3708 Vll,
667 3645 725 3695 279.
827 3643 887 3695 226.
907 3656 974 3692 verr.
994 3639 1067 3690 hum.
1085 3642 1118 3689 ut
1136 3637 1231 3689 Latini

259 3718 359 3783 pectus
376 3729 450 3766 verr.
468 3728 600 3780 aequora.
671 3715 729 3762 auu.
748 3711 838 3765 Schol.
857 3709 943 3775 Signa
963 3713 1042 3760 emet
1059 3705 1233 3759 vexillorum.

261 3786 320 3836 2³6.
338 3783 390 3833 Or.
408 3783 474 3832 hiet.
494 3781 527 3841 V,
547 3779 596 3832 606

366 3849 401 3900 Ut
419 3848 491 3900 solet
509 3849 646 3912 uceipiter
663 3845 785 3912 trepidus
804 3845 912 3910 agitare
932 3841 1086 3894 columbas.

280 3987 288 4039 1
329 3919 355 3981 ·)
375 3919 422 4038 ιἸιι
451 3915 590 3982 margine:
625 3918 780 3966 Ameeones
806 3913 923 3964 Graecis
953 3925 1008 3961 non
1038 3907 1233 3960 resistentibus

262 4002 372 4039 caman
