3340 4788
606 737 670 790 Lib.
687 737 738 790 111.
774 753 800 794 v.
820 739 912 795 1—1a.

600 891 711 954 Ltuuu
736 892 912 956 TERTIUS.

432 1004 622 1061 luctemur
640 1006 822 1061 GAPI'PULA
841 1007 966 1062 TERTll
985 1007 1092 1063 Llllltl.

235 1142 238 1146 ·
275 1113 405 1181 Tertius,
428 1130 445 1172 a
467 1110 588 1192 specula
611 1109 785 1192 speculatur
806 1121 949 1194 sextaque
971 1131 1071 1194 pugna

275 1197 378 1276 Surgit
400 1214 525 1279 eamque
548 1214 677 1277 sequens
700 1196 802 1260 decies
824 1207 926 1261 manet
948 1209 1015 1260 octo
1038 1199 1155 1262 diebus.

275 1283 335 1344 Pax
358 1281 458 1345 tribus
481 1289 527 1344 est
548 1283 642 1344 annis.
681 1280 827 1362 Pugnant.
865 1283 925 1346 Par
949 1303 1052 1346 mense
1075 1295 1175 1347 secuta
1192 1294 1246 1350 est.

274 1369 358 1431 liena
380 1367 446 1431 dies
468 1385 568 1450 pugna
591 1370 718 1432 iterator
740 1387 794 1450 per
817 1369 982 1433 duodenos.

274 1455 335 1517 Pax
357 1473 412 1534 per
436 1454 585 1517 uedenos
624 1454 681 1516 llic
702 1457 817 1517 somerio
841 1464 983 1519 strenuos
1005 1455 1116 1518 lleotor
1230 1468 1247 1517 o

275 1539 407 1621 Despicit
430 1541 541 1611 uxoris,
566 1558 655 1620 quem
678 1541 797 1603 saueius
818 1542 928 1606 oeoidit
949 1541 1090 1606 Acldltes.

276 1625 388 1707 Pugna.
425 1626 506 1690 lluos
528 1645 647 1689 menses
669 1637 715 1688 est
737 1646 804 1708 pax.
843 1627 891 1690 Fit
911 1646 964 1691 rex
986 1627 1171 1692 Palamedes.

276 1711 495 1793 Triptolemum
518 1713 625 1775 sternit
646 1711 810 1792 Sarpedon.
855 1713 915 1776 Pax
938 1713 1026 1776 datur
1049 1733 1138 1777 antro.

275 1798 381 1859 dulert
403 1795 524 1859 Pelidae
547 1814 681 1876 pugnare
704 1797 853 1860 Polinena.
892 1797 1037 1878 Pugnant.

275 1881 462 1962 Deiphobum
485 1884 608 1964 perimit
631 1880 805 1946 Palamedes
827 1891 858 1945 et
879 1883 963 1946 Paris
985 1887 1092 1964 ipsum.
1216 1895 1249 1945 ιο

515 2055 764 2118 uxt’ulclouu
793 2056 1007 2120 cariadae.

535 2189 675 2242 lucratu
692 2191 805 2243 LIBER
821 2191 988 2248 Tanatus,

468 2323 617 2380 HELENA
639 2324 786 2381 EMURO
809 2323 1055 2382 SPECULA'I'UR.

276 2433 371 2503 (luam
394 2432 482 2493 timor
504 2429 641 2501 obtrudit,
665 2450 725 2493 non
750 2439 796 2493 est
815 2433 933 2493 sincera
957 2433 1131 2512 uoluptasa'

319 2515 377 2576 lies
400 2523 446 2577 est
467 2513 586 2578 solliciti
611 2515 698 2596 piem
721 2518 839 2578 timoris
861 2536 956 2578 anaor.
1171 2520 1175 2528 '

278 2605 301 2663 Α
324 2598 444 2680 specula
467 2599 620 2682 speculum
645 2600 804 2682 speculans
826 2601 986 2664 inamabile
1010 2600 1079 2664 belli

318 2684 420 2748 Tarrba
442 2684 584 2766 puellaris
607 2696 666 2751 stat
687 2686 875 2768 gemebunda
898 2689 978 2751 satis.

277 2769 498 2854 Operieb'antur
520 2781 659 2836 erentnm
683 2775 784 2838 ltlartis
807 2783 837 2836 et
859 2773 896 2835 ad
916 2791 1004 2853 alerem
1229 2785 1245 2834 ⁵

320 2857 462 2920 Bellonae
482 2859 590 2921 victrix
613 2859 658 2920 aia
683 2858 783 2922 volare
806 2859 883 2923 uelit.

278 2944 333 3007 llio
355 2962 410 3024 pro
432 2942 541 3006 dilecto
562 2946 655 3024 gemit
677 2948 763 3008 anxia
787 2963 924 3027 quaeque
946 2940 1061 3014 marito,

321 3029 455 3107 Corpore
475 3029 520 3092 air
542 3047 682 3112 pugnarn.
706 3030 797 3094 eorde
820 3030 919 3112 proella
943 3039 1037 3111 parat.

278 3115 384 3178 Stabat
407 3123 436 3177 et
457 3114 507 3177 irio
530 3114 643 3179 llelena
665 3114 850 3196 speculando
873 3115 1007 3195 duosque
1030 3117 1154 3177 arraritos

319 3200 400 3264 lotus
421 3200 597 3264 lrorrlsonos
619 3199 797 3265 alterutrare
821 3203 907 3264 uldot.
1216 3211 1250 3260 io

278 3286 349 3350 Plus
372 3287 403 3349 in
426 3283 574 3351 adulterio
596 3295 737 3370 tanquam
760 3286 869 3352 lasciua
893 3289 1024 3351 latorem

321 3373 415 3446 Quaeri
439 3373 496 3436 sibi
518 3393 661 3438 concesso
684 3374 814 3438 terserat
835 3371 884 3436 llla
909 3374 1006 3437 tlroro.

277 3460 408 3524 Nitimur
432 3461 462 3523 iu
486 3461 607 3524 vetitum
630 3480 749 3544 setnrpee
772 3462 969 3543 cupimusque
993 3470 1110 3540 negata,

326 3667 371 3748 .⁰'
408 3667 623 3760 superscriptum
651 3665 750 3717 verbo:
783 3673 873 3722 eeeat.
945 3669 969 3720 7.
1008 3669 1115 3732 Pugno.
1150 3667 1251 3734 Super·

279 3734 523 3865 'cinuffin’e'ffim
540 3801 677 3852 Nevellet.
696 3819 721 3866 p.
740 3804 798 3856 496.
818 3802 865 3852 lia.
884 3805 907 3852 a.
930 3805 975 3854 to:

382 3869 469 3931 Quam
487 3868 569 3918 timor
588 3866 705 3919 obnubit
723 3884 776 3918 non
796 3876 839 3919 est
857 3869 968 3919 sincera
985 3868 1113 3932 uoluptas

414 3933 475 3985 Neo
495 3940 539 3986 ast
556 3934 679 3986 sollieito
697 3935 785 3987 eluleis
803 3935 832 3986 in
852 3951 898 3986 ore
918 3937 1006 3987 elbora.

278 4006 303 4055 2.
323 4018 429 4070 anargo:
450 4002 514 4055 ideo
533 4001 585 4055 lroe
603 4003 665 4057 dico
683 4002 755 4072 quod
774 4019 829 4055 res.
849 4003 944 4056 Ovidii
962 4010 1015 4057 eat.
1035 4002 1188 4070 lloreid.1,
1208 4007 1250 4058 12.

281 4075 322 4125 ta.
350 4071 445 4126 firmat.
535 4075 575 4128 ta.
611 4073 770 4125 Onlimor.
798 4073 849 4137 lll,
867 4076 894 4136 4,
916 4077 955 4127 i'l.
