3372 4788
406 639 470 704 202

407 797 519 860 Omnes
541 797 663 859 omniuo
685 803 770 878 putat
791 797 892 859 hostes
915 795 1008 857 hostis
1029 795 1152 866 amicos,

449 885 486 946 Et
507 883 648 986 quipquid
673 886 787 964 pariter
809 884 939 962 pertinet
961 882 997 944 ad
1021 881 1169 945 Paridem.

407 969 533 1050 Legatos
555 973 646 1051 agitur
668 970 790 1032 mittens
811 968 883 1052 legit
905 968 1036 1052 undique
1060 969 1146 1045 vires,

449 1055 503 1120 Cui
526 1074 633 1136 parere
655 1067 742 1135 parat
763 1055 897 1138 quisquis
919 1056 955 1118 ad
979 1074 1061 1118 arma
1084 1054 1170 1126 uolet,

407 1140 568 1211 Sublimes,
591 1139 729 1210 humiles.
753 1149 878 1202 ouuetos
899 1139 1007 1219 injuria
1029 1141 1110 1219 regis

449 1224 568 1303 Tangit,
593 1223 719 1286 etimne
741 1226 837 1286 omnis
856 1223 972 1303 judicat
993 1241 1060 1286 esse
1081 1241 1176 1284 auam.

390 1309 448 1370 ,dr
470 1311 604 1390 quamvis
627 1306 746 1372 doleant
769 1311 910 1390 regisque
932 1326 1045 1390 suoque
1067 1308 1181 1383 dolore,

451 1393 521 1455 Pius
542 1393 641 1472 pudor
665 1392 790 1465 ablatae,
815 1411 903 1470 quoru
926 1393 1020 1463 doior,
1044 1402 1133 1471 urget
1155 1411 1216 1452 eos.

410 1477 442 1540 iu
465 1478 622 1560 Phrygiam
647 1486 737 1540 totam
760 1476 900 1558 conjurat
923 1477 1046 1540 Graecia
1070 1486 1140 1548 tota,

450 1563 488 1626 Ut
509 1567 624 1646 pariter
648 1573 750 1646 pereat
773 1583 839 1626 eum
863 1567 987 1644 regione
1012 1563 1104 1626 Paris.

413 1651 532 1714 iuuetis
555 1650 679 1714 miiitiae
701 1654 809 1714 turmis
830 1651 1025 1731 peditumque
1048 1651 1182 1719 catervis,

451 1737 582 1820 Imperat
603 1739 634 1800 iu
658 1737 795 1800 Paridem
818 1756 871 1798 rex
895 1740 1047 1799 animosus
1070 1739 1136 1798 iter.

408 1822 486 1886 diiiie
509 1832 589 1884 rates
612 1823 725 1885 ducens
747 1825 822 1904 petit
845 1823 929 1895 iiiou,
953 1823 1071 1886 obsidet
1093 1821 1174 1892 idud,

451 1908 551 1979 irruit,
575 1916 663 1988 atque
685 1911 745 1971 eito
767 1911 887 1971 viooere
910 1913 973 1971 aive
996 1912 1082 1970 mori.

408 1993 538 2054 Fortiter
560 1993 680 2055 obsistit
703 1995 811 2056 [danais
834 1992 961 2072 Trojaua
982 1992 1131 2072 juventus,

454 2078 548 2159 ioque
572 2082 664 2140 vicem
688 2089 804 2159 strages
827 2080 957 2158 dantque
979 2080 1139 2160 feruntque
1162 2077 1252 2142 ieras.

411 2165 547 2244 itumque
570 2163 626 2226 suit
648 2167 766 2228 incerto
788 2166 899 2246 peudot
921 2166 1041 2226 victoria
1066 2175 1156 2234 certo,

455 2248 701 2331 interutrosque
724 2252 774 2313 diu
798 2269 865 2313 sors
889 2249 968 2312 reiut
989 2269 1083 2333 aequa
1107 2249 1194 2314 volat.

411 2335 497 2426 Nunp
519 2336 550 2399 ld
573 2355 652 2400 uuuo
675 2338 716 2400 iiii
740 2356 826 2400 vorsu
851 2339 912 2399 uioo
936 2338 1015 2400 iorre
1040 2337 1175 2400 ridoutur

452 2422 586 2494 iusidias,
609 2425 697 2494 ictus,
721 2423 852 2494 ruioura,
877 2425 993 2493 damna,
1017 2425 1112 2502 fugas.

412 2505 536 2568 Praeter
559 2526 734 2570 communes
755 2527 842 2570 casus
864 2510 1017 2590 patiuntur
1039 2507 1141 2571 Achivi

455 2591 556 2662 didita,
580 2592 682 2664 fames,
705 2592 831 2672 prodas,
854 2595 977 2672 frigora,
1001 2611 1116 2676 cauma,
1139 2595 1230 2655 sitim.

412 2675 570 2737 deaoidem
594 2694 734 2757 magnum
750 2676 930 2739 Philoctetae
954 2677 1029 2738 iastu
1052 2681 1175 2756 sagittas

454 2761 593 2829 Poscunt.
617 2770 649 2821 ut
670 2763 786 2840 possint
807 2761 949 2840 Pergama
974 2779 1060 2840 posse
1083 2767 1161 2840 copi,

411 2843 487 2904 iiiuc
510 2853 540 2905 et
561 2863 611 2906 eus
634 2846 755 2908 monitis
778 2857 876 2907 vatum
900 2847 992 2908 Danai
1015 2845 1070 2906 sibi
1094 2854 1258 2926 quaeruut;

454 2928 517 2989 iioe
538 2930 624 2992 furor
647 2930 821 2998 Hectoreus,
846 2930 892 2991 itis
914 2931 992 2992 cadit
1015 2932 1079 3011 ipse
1103 2933 1196 2994 Paris.

411 3013 484 3076 Sors
507 3015 614 3077 melior
636 3014 706 3076 iroiii
728 3014 853 3078 'ferroris
875 3018 957 3076 stetit
979 3015 1108 3076 diectore
1130 3025 1236 3088 stante.

454 3096 513 3170 Oui
536 3119 614 3182 spes,
638 3103 689 3183 qui
713 3100 844 3182 clypeus,
867 3103 916 3181 qui
940 3103 1023 3178 vigor
1045 3100 1130 3163 urhis
1152 3112 1226 3163 erat.

408 3188 445 3246 dt
468 3185 552 3247 ierus
574 3187 728 3257 Aeacides,
753 3197 785 3248 ut
807 3189 895 3256 veuit,
920 3195 954 3249 ut
975 3186 1101 3248 Hectora
1125 3189 1205 3258 vicit,

451 3271 502 3331 Vis
524 3272 673 3332 Teuordm
696 3274 773 3334 vieto
796 3272 913 3332 riudiee
936 3273 1011 3332 vieta
1035 3274 1101 3333 iuit.

408 3352 552 3417 Aeacides
573 3366 702 3437 quantus
724 3357 824 3427 fuerit,
848 3358 891 3418 rei
914 3357 1017 3437 qrraiis,
1042 3369 1071 3418 et
1092 3357 1183 3428 undo,

352 3507 357 3516 ,
452 3441 563 3514 Prodit,
588 3450 618 3505 et
640 3446 772 3506 auctoris
794 3445 899 3525 pagina
923 3441 1014 3507 muita
1039 3444 1135 3506 docet.

410 3529 442 3590 Si
467 3529 535 3599 viru,
559 3531 583 3592 si
607 3537 749 3602 ruentem,
773 3530 797 3591 ai
820 3529 896 3592 buda
920 3531 1051 3611 requiris
1073 3529 1208 3592 deludis:

452 3613 491 3678 Ut
513 3615 636 3680 doceam
659 3618 776 3698 paucis:
801 3615 930 3679 Hectore
954 3615 1049 3697 major
1072 3627 1145 3678 erat..

409 3702 441 3763 iu
466 3707 572 3766 eastris
595 3703 728 3766 Daoadm
752 3703 935 3776 Palamedes,
958 3703 1077 3776 Nestor,
1102 3703 1220 3786 Uipmes

453 3787 524 3849 Pius
546 3800 615 3851 suut
637 3791 771 3861 consido,
794 3810 882 3869 quam
906 3787 1055 3869 probitate
1078 3790 1179 3851 ducos.

407 3874 561 3944 Aeacides,
586 3874 667 3954 djax,
693 3875 859 3952 diomedes,
883 3876 1025 3954 Pyrrhus,
1050 3877 1182 3938 Atrides:

451 3957 592 4028 iliados,
618 3959 665 4019 ido
689 3959 800 4028 iumen,
825 3960 875 4019 irio
898 3962 1015 4039 pietatis
1037 3979 1123 4040 aper.

1329 1403 1378 1452 110

1329 1833 1378 1882 tto

1330 3112 1380 3162 1311

1330 3541 1379 3591 135
