3368 4792
662 1459 941 1533 PRAEFATIO.

343 1713 345 1718 ,
404 1647 546 1726 Magister
575 1646 717 1709 libertus
746 1647 911 1710 monaclms
939 1647 1056 1709 ordinis
1077 1648 1172 1709 sancti
1197 1647 1292 1709 lieno·

322 1731 393 1792 dicti
420 1751 437 1791 e
465 1749 576 1810 genere
605 1731 723 1810 plobojo
752 1733 898 1793 oriundus
927 1741 1055 1792 oxortntc
1082 1731 1202 1793 sacculo
1225 1738 1293 1812 post

319 1815 428 1878 Christ.
453 1824 512 1878 nat.
537 1815 590 1876 lili
614 1818 644 1876 iu
668 1816 826 1879 Germania
850 1815 1078 1897 septentrionali
1101 1815 1217 1877 videtur
1240 1833 1291 1877 na·

323 1909 370 1962 tus
392 1919 469 1963 osse.
514 1902 579 1973 Quo
602 1907 701 1964 tauron
723 1900 791 1966 luco
812 1899 920 1964 litteris
942 1899 1130 1972 incubuerit.
1155 1899 1206 1963 uhi
1229 1920 1291 1962 ma·

319 1989 442 2067 gisterlo
470 1988 594 2049 ornatus
622 1990 676 2058 sit,
707 2005 765 2049 non
793 1995 918 2050 constat.
966 1987 990 2048 Ε
1019 1989 1119 2068 sagaci
1141 1985 1213 2050 clari
1237 1988 1292 2048 riri

322 2070 547 2154 loripeubergli,
572 2091 652 2135 artano
674 2073 824 2143 deiuneti.
854 2075 1001 2136 sententia
1026 2082 1130 2138 nostor
1152 2071 1292 2135 dllmrtus

321 2160 461 2240 trragister
494 2159 545 2222 illo
571 2158 710 2224 libertus
738 2159 776 2222 de
804 2159 924 2223 llamslo
952 2160 1070 2222 ridetur
1098 2160 1207 2230 luisse.
1240 2161 1293 2241 quti

321 2247 400 2308 inter
416 2244 594 2307 Bremenses
617 2248 777 2308 canonicos
798 2248 829 2307 in
853 2245 955 2309 charta
976 2247 1047 2308 anni
1065 2243 1148 2308 1224
1162 2246 1191 2307 d.
1208 2246 1291 2307 Jnrail

254 2395 256 2398 ,
320 2327 362 2393 23
385 2329 452 2392 data
483 2332 691 2409 „praepositus
713 2329 937 2394 llamsloensis“
968 2331 1139 2392 nominatur
1169 2339 1199 2392 et
1221 2329 1292 2392 indo

322 2412 360 2476 ab
390 2433 468 2476 anuo
493 2410 575 2475 1206
604 2416 737 2495 magistri
766 2413 852 2476 titulo
882 2434 941 2476 non
971 2415 1088 2492 adjecto
1113 2433 1294 2476 commemo·

323 2507 417 2560 ratur.
464 2499 636 2560 llouastcrii
650 2509 770 2561 sanctae
787 2499 899 2561 Mariae
922 2499 1077 2560 Stadonais
1099 2501 1184 2580 prior
1200 2501 1293 2560 lactus

321 2585 351 2644 in
382 2582 592 2664 Claristoplrori
623 2582 738 2646 abbatis
760 2603 786 2646 a.
811 2583 840 2646 d.
862 2581 894 2646 4.
917 2584 980 2648 ilai.
1003 2586 1076 2664 larg.
1109 2603 1187 2646 urano
1213 2580 1295 2645 1232

321 2669 453 2732 doluucti
476 2667 573 2734 locum
596 2673 741 2735 successit
768 2679 798 2734 ot
820 2689 836 2733 a
859 2670 1005 2735 llaldulno
1029 2671 1170 2734 Lironlae
1192 2668 1292 2751 legato

321 2757 476 2820 ordinatus
504 2766 559 2820 est.
604 2761 690 2821 Anno
721 2755 804 2822 1234
836 2760 950 2820 curiam
986 2757 1149 2820 Romanam
1182 2757 1295 2820 adiisse

323 2850 412 2926 atquc
435 2845 562 2907 iratrnm
586 2845 735 2907 minorant
758 2844 895 2907 ordinem
918 2845 1076 2906 intrauisse
1100 2843 1217 2926 ipsein
1241 2863 1293 2905 au·

323 2929 440 2992 noiibus
468 2929 505 2990 ad
534 2948 603 2991 arro.
636 2927 719 2992 1240
746 2939 866 3000 namat,
898 2930 935 2991 do
963 2931 1071 2992 itincre
1099 2927 1150 2989 illo
1179 2935 1291 2998 tamon,

323 3014 402 3095 qrrod
423 3013 559 3076 nonnulli
581 3033 651 3076 eum
675 3031 754 3076 anno
779 3011 861 3077 1238
890 3033 959 3076 cum
982 3013 1118 3094 ildolplro
1142 3012 1293 3074 llolsatiao

324 3100 432 3161 comite
461 3099 568 3160 iecisse
592 3117 652 3159 non
674 3097 878 3161 verisimiliter
902 3098 1036 3169 tradunt.
1066 3096 1140 3160 nilril
1163 3115 1294 3158 commo-

326 3190 432 3246 morat.
475 3183 583 3244 liunus
612 3182 728 3244 abluatis
756 3201 823 3245 aun.
856 3181 939 3246 1242
968 3184 1109 3264 deposuit
1136 3190 1167 3242 et
1200 3189 1296 3243 totum

323 3287 357 3332 ss
378 3266 486 3331 litteris
509 3275 539 3330 et
566 3267 676 3330 studiis
702 3269 794 3331 dedit.
841 3267 883 3330 llo
907 3279 1003 3331 morte
1032 3269 1096 3330 cius
1118 3265 1194 3329 utun
1218 3267 1294 3328 corti

324 3363 448 3427 constat,
473 3362 604 3416 attamen
627 3354 705 3416 circa
728 3373 823 3417 annos
840 3351 932 3417 1264.
960 3350 1042 3417 1265
1065 3353 1231 3416 decessisse
1248 3354 1295 3415 ai·

324 3443 445 3505 lrrrrmro
466 3439 547 3504 licot.

410 3529 492 3592 lnter
525 3528 689 3592 annalistas
722 3527 811 3591 medii
846 3531 911 3591 aeri
949 3545 1119 3611 quanquam
1157 3524 1297 3589 ilbertus

324 3622 509 3677 nosternon
533 3617 668 3678 lnilmum
693 3615 790 3677 locum
815 3615 946 3686 obtinet,
971 3615 1054 3696 ejula,
1078 3613 1214 3695 quamvis
1237 3631 1297 3674 nra-

324 3721 411 3782 gnam
436 3704 467 3764 iu
492 3699 647 3764 annalibus
671 3704 875 3781 cognitionem
899 3710 1034 3763 veterum
1052 3709 1207 3780 poetarum
1225 3717 1298 3778 prae

325 3807 358 3849 se
382 3789 517 3858 ierentls,
540 3789 669 3850 facultas
691 3791 810 3868 poetica
832 3785 955 3866 longum
979 3807 1033 3867 per
1058 3796 1175 3865 tempus
1199 3785 1300 3863 ignota

325 3871 420 3934 latuit.
465 3872 553 3936 Nunc
576 3873 696 3936 demum
719 3891 787 3936 enm
811 3872 939 3935 duorum
963 3873 1128 3934 carminum
1145 3879 1297 3932 auctorem

216 4039 218 4044 Ι
327 3976 393 4021 osso
415 3961 536 4031 scimus,
563 3979 630 4021 nam
654 3966 774 4040 praetor
796 3957 944 4030 Troilum,
968 3959 1087 4041 dequo
1110 3975 1179 4018 runa
1203 3954 1298 4037 plana,

327 4049 357 4108 in
374 4049 496 4126 antiquo
513 4045 647 4127 catalogo
666 4045 867 4110 bibliothecae
885 4045 1184 4114 llordoslmimiensis,
1209 4061 1298 4124 «aarum

328 4129 412 4196 1850
434 4145 536 4196 nostro
565 4131 656 4195 iilum:
685 4131 998 4206 „llilrliotlrelmrisciro
1027 4129 1297 4210 ilntorlmltungon.
