3340 4788
421 672 482 740 148
740 671 802 727 Lib.
820 665 866 724 VJ
885 686 911 727 v.
929 668 1075 726 492-525.

463 831 524 903 Est,
545 835 632 892 sueto
654 828 801 891 modicum
824 845 909 888 more
932 835 1049 888 movete
1071 842 1204 887 menum.

421 918 513 990 State,
536 915 640 987 rodite,
664 913 790 996 gradum
813 916 988 984 convertite,
1011 919 1097 983 stote,
1121 919 1224 975 cavete

465 1001 637 1068 Ridiculum
661 1001 767 1064 iamne.
811 999 942 1064 Pessima
966 1001 1043 1063 ieme
1068 1001 1167 1080 lugeo.

421 1091 484 1154 Nec
506 1107 590 1154 more
614 1090 661 1160 sit,
685 1090 745 1150 cllo
768 1087 920 1168 dispersas
943 1085 1065 1149 densete
1087 1095 1232 1155 catervas,

465 1176 503 1237 Et
525 1176 608 1253 croesi
632 1192 705 1252 grex
728 1191 804 1235 onus
826 1172 929 1235 diariis
951 1173 1045 1250 egetis
1067 1187 1152 1249 opus.

422 1260 504 1322 Dixit
526 1268 556 1321 et
578 1257 719 1320 adversos
742 1256 834 1322 telum
858 1259 1004 1318 contorsit
1026 1259 1058 1317 in
1082 1255 1183 1316 hostes

465 1344 666 1423 llesliluitque
689 1361 743 1404 suo
766 1341 882 1424 perdite
905 1341 997 1403 corda
1019 1340 1095 1403 loco.

423 1430 465 1494 lle
488 1429 601 1492 timidis
622 1428 727 1490 tumidi
751 1427 825 1491 liunt
847 1426 1015 1490 hortamine
1038 1426 1153 1508 Pyrrhi.

401 1592 405 1601 ἱ
467 1515 510 1578 lle
532 1514 645 1592 navidis
668 1514 754 1576 uvido
777 1521 898 1596 pectore
922 1513 1033 1576 dentur
1055 1515 1107 1580 its.

424 1601 482 1675 Oui
506 1605 627 1666 luerent
649 1601 756 1670 timidi.
780 1600 916 1676 redeunt,
940 1608 969 1661 et
991 1599 1082 1661 corde
1106 1599 1232 1662 tumenti

468 1687 586 1768 Quique
608 1696 727 1766 ponent,
750 1685 867 1765 gladius
889 1695 921 1747 ut
944 1693 1109 1765 repetetur,
1132 1693 1229 1746 nuent.

425 1773 588 1834 Gonlllclus
609 1777 768 1833 renovetur
791 1773 874 1840 item,
897 1770 930 1830 iit
951 1785 1050 1848 pugne
1073 1777 1200 1849 repenle

469 1855 604 1922 dissime,
628 1855 784 1933 consurgit
806 1853 907 1916 lancee
931 1864 1032 1932 strage
1054 1873 1138 1914 novo.

427 1937 560 2020 Pyrrhus
581 1937 623 2000 itu
646 1939 787 2000 devectus
810 1946 840 1997 st
862 1937 910 1998 lrlc
932 1937 1081 1998 hortensio
1104 1953 1240 1998 reversos

471 2023 642 2084 Consolidel
666 2040 785 2093 cuneos.
808 2024 932 2084 nomine
954 2038 1104 2100 quemque
1124 2039 1244 2082 rocens.

427 2105 728 2187 irreprehensibilem
751 2125 784 2169 se
807 2105 893 2169 miles
915 2105 951 2168 sd
974 2109 1073 2169 omnin
1096 2106 1197 2169 reddit

387 2231 391 2239 ι
471 2192 511 2256 Sc
532 2191 590 2254 sul)
613 2194 736 2255 militine
760 2193 834 2255 llore
857 2192 999 2254 decenter
1021 2191 1146 2255 liabens.

428 2279 468 2342 Se
489 2277 635 2361 Phrygios
655 2277 727 2360 jecit
750 2279 779 2342 io
803 2280 882 2342 ecies
906 2288 936 2340 ot
957 2281 1103 2358 sunguine
1125 2277 1238 2350 luccat.

472 2365 534 2431 Nec
557 2385 664 2430 tonnus
686 2366 765 2429 illius
788 2387 803 2429 o
827 2364 961 2429 l'uriondo
985 2376 1078 2431 secet.

428 2455 461 2517 ln
485 2454 613 2517 Teucris
633 2453 762 2516 rubeum
786 2451 933 2516 violenter
954 2451 1072 2516 heloeet
1097 2473 1209 2525 ensem,

474 2539 585 2602 Balnea
608 2540 645 2601 de
667 2541 763 2620 stygio
785 2539 833 2601 dic
855 2557 890 2600 ee
913 2539 970 2601 lete
993 2537 1068 2601 locu.

429 2625 537 2688 Hostes
557 2633 757 2687 commcctnnt
779 2626 891 2704 puriter
913 2643 956 2695 se,
979 2642 1036 2686 nec
1058 2644 1148 2687 cruor
1169 2642 1239 2685 orvs

473 2710 570 2772 loilcil
591 2709 708 2771 inlusus
730 2706 817 2788 plene
840 2727 949 2770 cruore
970 2711 1067 2791 prins,

434 2792 496 2855 Nec
519 2811 642 2873 campus
665 2793 761 2855 rubeo
784 2792 916 2854 rubescit
937 2796 1091 2872 sanguino,
1116 2795 1238 2873 sangnis
1350 2803 1401 2852 olo

473 2878 634 2956 Sanguinis
656 2897 672 2939 e
696 2881 759 2939 rlro
781 2885 840 2939 stet
861 2879 978 2959 potiore
999 2878 1084 2940 redo.

432 2960 567 3034 Quantus
590 2963 674 3045 equis
696 2970 884 3045 quantusque
907 2965 980 3026 viris
1003 2963 1040 3025 de
1063 2962 1186 3043 pulvere
1208 2980 1310 3025 cresso

473 3046 573 3110 Sudor
596 3056 668 3119 erat,
691 3066 790 3117 nemo,
813 3049 865 3130 qui
887 3051 1015 3110 reticere
1037 3056 1135 3128 quent

431 3131 565 3196 Pulveris
588 3151 730 3196 ascensus
752 3133 897 3214 sepelitur
919 3135 1075 3212 sanguinis
1097 3133 1201 3204 imbre,

474 3217 506 3278 ln
529 3217 641 3280 rubeos
664 3217 769 3280 latices
792 3219 916 3280 vertitur
938 3217 1032 3280 herbe
1055 3222 1166 3280 virens.
1351 3226 1403 3276 520

432 3300 558 3366 Pulvere
582 3320 642 3363 non
666 3303 791 3372 fluitant.
816 3303 1011 3364 mucronibus
1034 3322 1102 3366 erre
1125 3311 1293 3365 coruscant.

473 3384 559 3447 Unde
581 3387 619 3474 nt,
635 3395 668 3446 ut
691 3385 781 3448 mults
806 3384 899 3448 millio
923 3395 1013 3449 strete
1038 3388 1154 3450 caelent.

431 3470 488 3531 Tot
511 3479 623 3532 mortes
646 3478 785 3549 poterent
806 3472 915 3550 stygius
937 3472 1077 3553 implesse
1099 3471 1232 3554 paludes,

474 3555 612 3627 lissima,
636 3555 695 3619 (lux
718 3555 865 3619 Erebum!
888 3560 919 3620 ni
942 3567 993 3621 tue
1016 3576 1110 3637 regne
1134 3557 1242 3620 lorent.

430 3639 486 3702 vix
511 3639 566 3703 luit
587 3640 647 3704 lroc
669 3659 794 3704 numero
817 3643 1012 3721 distinguere,
1037 3646 1105 3727 quis
1127 3645 1174 3707 sel
1190 3645 1220 3706 in
1239 3646 1331 3707 istum
1353 3653 1403 3704 525

474 3726 534 3788 lint
555 3727 636 3789 lrnnc
658 3747 714 3809 pro
738 3729 854 3790 meritis
876 3729 985 3792 debent
1007 3733 1052 3792 ire
1075 3729 1185 3801 locum.

499 3867 558 3916 501.
578 3862 645 3917 (lod.
663 3864 771 3919 tumidi.
823 3867 881 3918 509.
902 3863 968 3918 eoo.
987 3867 1092 3919 brsret.
1143 3869 1204 3922 51³.
1224 3865 1290 3918 Cod.
1310 3865 1403 3919 hostes

431 3931 626 4048 1555555555,
662 3935 722 3984 554.
733 3931 823 3985 Schol.
833 3934 923 3988 Pluto.
970 3937 1027 3986 525.
1042 3934 1109 3992 Cod.
1124 3937 1213 3988 istem.
1260 3935 1398 3993 osseos.

452 4016 511 4051 suc.
