3368 4792
436 681 481 748 20
759 682 822 732 cro.
842 682 862 733 1.
899 699 923 736 v.
942 685 1087 735 oso-ors.

438 839 536 902 itcrat
558 838 700 908 Antenor,
726 845 758 900 ut
781 845 899 899 nostros
921 841 985 915 ipse
1008 835 1144 920 querelas

481 925 593 988 Ederet
615 933 645 987 et
666 941 770 1004 pacem
794 923 909 985 reddita
933 927 1016 1003 virgo
1040 923 1133 986 «istut.

438 1011 570 1076 Profecit
593 1013 724 1080 minione,
748 1009 822 1073 niidi
845 1013 1014 1092 impetrarit
1038 1030 1152 1082 eornnr,

481 1101 540 1162 Pro
564 1097 672 1180 quibus
694 1097 730 1159 ed
754 1098 867 1160 Graeco
890 1098 974 1160 iitoro
999 1099 1107 1160 missus
1131 1107 1211 1168 000ος

439 1183 575 1265 durpiior
598 1186 724 1247 occessit
746 1185 865 1254 iniuria,
890 1184 1082 1254 dedecorose,

482 1272 629 1333 Antenor!
652 1269 791 1332 domibus
813 1279 842 1332 te
864 1269 1003 1351 repulere
1026 1271 1101 1332 suis.

439 1357 504 1420 Uno
527 1355 642 1419 doioris
664 1355 761 1420 ndiruc
784 1375 843 1418 non
867 1365 912 1418 est
935 1354 1062 1418 obducta
1084 1357 1218 1430 cicatrix,
1295 1366 1300 1376 '
1360 1366 1411 1416 005

483 1443 588 1507 Gordis
610 1442 707 1506 edhnc
729 1443 800 1506 laesi
823 1441 945 1505 vulnero
970 1443 1061 1505 crudo
1085 1452 1215 1507 monent.

439 1531 553 1594 Diceris
575 1549 726 1612 proceres,
750 1529 892 1611 quidnam
916 1549 1007 1612 snper
1030 1531 1078 1593 his
1100 1533 1137 1592 sit
1160 1531 1325 1611 agendnnr;

481 1618 565 1689 Dico,
589 1616 784 1679 merebuntur
807 1618 831 1679 si
855 1635 919 1678 urea
944 1616 1143 1687 cliotedrum,

440 1702 625 1767 obstandum
649 1704 743 1774 citius,
766 1719 834 1763 sero
857 1703 1002 1764 medicina
1025 1713 1156 1782 paretur,

438 1851 440 1864 ,
484 1788 556 1850 Cum
580 1786 655 1848 mois
679 1787 859 1866 perlongus
880 1786 1033 1848 invaluere
1057 1806 1164 1848 moras.
1360 1798 1412 1848 300

440 1873 622 1934 Mutorenrus
645 1887 730 1950 opus,
754 1870 789 1931 od
813 1868 893 1932 nulio
917 1871 993 1932 vaiet
1015 1871 1092 1932 bono
1116 1871 1234 1940 tardns3

483 1955 538 2026 Qui
562 1973 620 2015 non
645 1962 690 2014 est
710 1953 810 2022 hodie,
834 1971 901 2015 cras
924 1956 1022 2015 minus
1045 1963 1132 2033 aptus
1156 1958 1222 2017 erit.

440 2037 578 2102 Consulit
598 2041 740 2107 Antenor,
765 2040 841 2099 ierat
864 2039 913 2115 qui
937 2041 1066 2100 nuncius
1089 2036 1139 2100 iiio

483 2124 593 2186 Uicisci
617 2123 730 2185 focinus
753 2124 951 2200 strennuitate
974 2143 1089 2185 marrus.

335 2219 341 2236 ¹
439 2209 487 2282 Et,
510 2227 562 2270 vos
583 2207 742 2270 indecores
765 2209 824 2269 nisi
848 2209 947 2268 virore
970 2208 1048 2270 sorte
1070 2207 1175 2280 velitis,
1360 2219 1411 2268 005

481 2291 645 2358 Consilinnr
669 2311 758 2374 snper
782 2293 829 2356 iris
852 2313 903 2356 vos
925 2312 1045 2376 quoquo
1070 2293 1128 2356 toie
1152 2295 1238 2357 dotis.

438 2381 544 2445 Nonne
568 2383 644 2443 mori
667 2380 782 2449 melius,
806 2398 894 2461 quarn
917 2383 1006 2442 vitour
1030 2381 1140 2443 ducere
1163 2382 1268 2444 mortis

480 2466 518 2528 Et
540 2483 646 2528 sensus
669 2463 811 2526 membris
833 2464 996 2544 insepelire
1018 2469 1089 2528 suis.

438 2552 521 2614 Pone
543 2567 666 2612 necesse
689 2551 782 2621 mori;
805 2568 887 2612 mors
910 2548 1010 2612 ultima
1034 2548 1113 2612 linco
1136 2570 1239 2614 rerum

481 2635 547 2699 non
572 2635 731 2698 metuenda
754 2637 836 2708 viris,
861 2637 1038 2699 moremini
1062 2645 1181 2717 tempus
1204 2641 1295 2702 iners.
1361 2649 1411 2698 tro

439 2723 548 2787 dinitos
570 2723 734 2785 consumsit
757 2724 883 2802 ignavis,
907 2741 1026 2802 sonrpcr
1048 2724 1160 2785 inertes

483 2810 588 2873 Domui
611 2810 773 2891 participes
796 2809 1012 2890 dedecorisque
1036 2819 1166 2874 monent.

439 2897 529 2976 Ergo,
554 2897 609 2958 viri
633 2898 741 2960 fortes!
765 2900 902 2959 strictum
926 2897 1083 2979 producite
1107 2895 1232 2967 ferrum,

483 2984 576 3047 Ferro
600 3002 680 3046 nnnc
703 2982 860 3064 Phrygium
884 2984 1069 3063 magnidcate
1091 3002 1223 3046 menum.

440 3072 495 3135 iiic
517 3069 601 3132 iobor
624 3079 657 3132 ut
679 3072 785 3132 nrorite
810 3077 911 3150 tangat
933 3070 1060 3133 vindicte
1084 3070 1232 3150 Pelasgos,
1361 3081 1410 3131 315

484 3157 604 3220 Discunt
626 3157 778 3219 insonum
801 3164 902 3219 nostra
926 3175 980 3237 per
1002 3175 1084 3218 armo
1108 3159 1224 3235 iugum.

441 3243 564 3304 Hectori
588 3251 618 3302 tu
643 3243 736 3302 rnnior
758 3259 790 3301 es
814 3251 894 3310 contu,
917 3259 1002 3302 surne
1025 3240 1158 3303 ioborern

484 3326 579 3407 liujus
601 3327 755 3406 propositi,
779 3326 874 3388 iaetus
896 3328 926 3387 in
950 3343 1031 3387 orma
1055 3328 1131 3387 reni.

443 3465 448 3472 ι
456 3463 605 3472 ω--ρη
610 3463 628 3470 ι-

508 3548 566 3599 200.
584 3549 644 3598 000.
672 3545 767 3598 Ovidii
790 3547 903 3600 Remed.
922 3549 969 3610 91,
992 3549 1025 3598 92
1049 3549 1096 3612 qui
1117 3552 1221 3598 tamem
1246 3550 1411 3614 „principiis

440 3615 551 3679 000000·Ι
579 3619 608 3664 et
634 3613 842 3678 ‚,convoinere“
869 3614 962 3666 hebet.
1049 3618 1108 3667 302.
1133 3617 1213 3667 Ovid.
1238 3615 1349 3668 Remed.
1367 3620 1409 3668 ot.

439 3685 500 3737 007.
519 3683 544 3734 8.
563 3681 755 3746 Maximiani,
773 3683 824 3733 265
842 3698 883 3748 sq.

643 3749 733 3801 Morte
751 3750 820 3800 mori
838 3749 947 3813 meiius,
968 3765 1048 3815 quoru
1068 3751 1155 3802 vitam
1174 3755 1226 3802 etc.

678 3817 715 3868 Et
733 3833 831 3869 sensns
849 3817 980 3868 memhris
997 3818 1147 3884 insepeliro
1165 3820 1232 3870 suis.

439 3887 500 3937 309.
520 3885 620 3941 Horot.
646 3886 729 3952 epist.
749 3886 776 3948 1,
802 3887 841 3946 10,
863 3887 904 3940 70.
990 3889 1049 3940 sto.
1067 3887 1119 3938 Or.
1141 3903 1164 3936 e.
1182 3887 1263 3938 Pont,
1280 3887 1306 3946 Ι,
1327 3889 1357 3951 6,
1376 3890 1409 3938 ts

439 3979 471 3990 ·-
490 3979 524 3990 -
543 3969 617 4004 mors
639 3954 719 4006 nobis
742 3959 849 4020 tempus
867 3953 987 4005 habetur
1004 3955 1088 4007 iners.
1173 3955 1233 4006 010.
1252 3970 1267 4006 0
1285 3956 1409 4022 margine

438 4037 489 4089 pro
507 4023 642 4088 proncite.
