3368 4792
1222 756 1245 822 5

335 910 400 972 Non
424 918 548 991 prorrtcr
570 909 691 989 Trojam
715 867 879 988 Troianum
902 909 1036 972 seribere
1060 910 1172 974 bellum

377 997 434 1056 llut
457 995 617 1074 Phrygium
641 997 727 1074 coepi
751 993 914 1056 sollicitare
937 994 1055 1076 stylonr,

334 1079 392 1142 Sed
415 1079 522 1142 duetus
545 1080 668 1141 meliore
692 1081 735 1140 ria
760 1099 952 1160 compescere
974 1099 1082 1160 pravos

376 1165 413 1228 lit
433 1183 555 1227 serrare
577 1164 625 1227 dei
648 1164 711 1227 vult
731 1166 761 1225 in
786 1184 888 1228 amore
911 1167 985 1246 pios.

333 1252 424 1315 Grata
447 1250 574 1315 medulla
598 1250 670 1315 latct
692 1254 774 1314 omni
796 1251 852 1314 sub
876 1253 988 1314 cortice
1011 1270 1113 1314 rerum

376 1339 413 1401 m
435 1338 573 1401 nucleum
597 1337 675 1401 celat
697 1338 780 1402 arida
804 1347 878 1402 testa
902 1340 1025 1402 bonum.

335 1425 395 1488 Noa
417 1425 505 1488 docet
527 1424 661 1489 llcrodcs
684 1428 762 1489 sicut
785 1425 911 1507 baptista
936 1427 1068 1490 loarrnes

377 1513 486 1576 Erudit
506 1511 557 1575 lllc
579 1514 683 1585 bonos,
707 1514 827 1576 territat
848 1512 899 1576 ille
921 1515 1024 1576 rnalos.

356 1599 446 1662 Teste
469 1601 557 1662 etiam
573 1599 732 1662 Aristotele
756 1600 866 1663 malum
891 1615 949 1663 nou
967 1608 1065 1683 potest
1081 1602 1166 1664 vitari
1183 1605 1243 1666 nisi

271 1687 441 1766 cognitum:
466 1685 543 1748 malo
566 1686 714 1766 siquidem
738 1688 859 1765 cognito
882 1687 951 1749 lelix
974 1696 1019 1749 est
1042 1689 1093 1764 qul
1115 1687 1246 1750 declinat

270 1789 287 1831 a
310 1770 387 1832 malo
410 1779 441 1832 ct
462 1772 533 1832 lacit
556 1769 667 1832 bonum
692 1779 722 1832 et
744 1774 795 1850 erui
818 1771 943 1833 aliorum
967 1790 1069 1834 casum
1093 1771 1151 1834 sibl
1173 1792 1244 1834 con·

269 1857 366 1918 stituit
389 1857 619 1918 firmamentum.
666 1853 835 1936 lleratius¹l

336 1941 431 2012 Felix,
455 1962 544 2024 quem
569 1943 683 2005 iaciunt
704 1942 799 2004 aliena
823 1942 955 2020 pericula
979 1951 1099 2006 cautum

270 2035 302 2088 et
322 2028 463 2106 Virgilius
487 2027 611 2110 [Georg.
636 2029 670 2097 ll.
693 2025 758 2091 490
779 2023 857 2114 eqo]

336 2113 419 2174 Felix
442 2115 492 2193 (rui
515 2117 612 2193 potuit
633 2131 736 2176 rerum
759 2131 943 2192 cogrroscerc
967 2132 1084 2185 causam

334 2201 429 2275 lltuuc
452 2207 550 2260 metus
572 2217 676 2261 ornnes
700 2209 730 2262 ct
752 2197 937 2262 inexorabile
961 2199 1053 2262 latum

335 2284 468 2364 Snbjecit
489 2284 631 2364 pedibus:
688 2323 692 2331 ·

357 2369 442 2432 Unde
471 2377 503 2431 ct
528 2368 605 2431 liber
633 2371 690 2430 iste
717 2367 982 2444 altrinsecarum,
1010 2370 1079 2448 quia
1103 2371 1172 2432 vitia
1196 2389 1246 2432 re·

272 2453 463 2534 prehendens
486 2463 516 2515 ct
538 2452 575 2516 ab
599 2453 645 2514 bis
668 2453 820 2516 auditores
842 2454 1014 2516 abstollens
1031 2457 1112 2534 ipsos
1133 2455 1169 2516 ad
1187 2459 1246 2516 rir-

272 2549 366 2600 tutum
390 2541 533 2601 exercitia
556 2538 740 2602 cohortatur.
787 2539 991 2618 Rotarelrendit
1011 2543 1091 2601 onim
1116 2542 1145 2600 iu
1164 2539 1244 2602 l’clia

271 2623 426 2696 invidiam,
449 2627 480 2688 in
506 2624 612 2687 l'aridu
635 2635 665 2688 rt
687 2625 801 2690 llulrna
824 2624 1029 2707 peladautiam,
1055 2629 1086 2688 in
1110 2644 1245 2708 pargnan-

272 2712 352 2774 tibus
374 2711 593 2782 truculentiam.
618 2715 649 2775 ln
671 2711 830 2776 Palamede
847 2711 1051 2784 ambitionem,
1076 2715 1104 2776 in
1122 2712 1246 2777 llecuba

272 2798 474 2872 dolositatem,
506 2801 536 2861 in
565 2804 663 2863 Aenea
693 2806 722 2862 et
750 2802 843 2864 sociis
870 2802 932 2862 suis
956 2799 1110 2882 perfidiam
1134 2809 1165 2862 et
1187 2809 1246 2862 tra·

274 2885 431 2957 ditionem,
455 2887 485 2948 ln
510 2894 638 2966 utroque
662 2890 795 2950 exercitu
820 2889 906 2961 iram,
931 2886 1032 2949 odium
1056 2896 1086 2949 et
1101 2889 1247 2950 lusorem.

272 2974 311 3037 Et
339 2994 374 3037 ex
402 2972 459 3035 lroc
482 2974 599 3036 cillicae
623 2976 729 3038 merito
752 2976 881 3036 sumitur
910 2973 989 3054 quod
1019 2974 1136 3035 ratione
1158 2993 1247 3056 prae·

273 3059 351 3122 dicta
384 3077 502 3121 anorum
531 3069 576 3121 est
603 3068 633 3121 et
662 3060 810 3122 bonorum
840 3079 966 3140 operum
995 3061 1188 3132 instructius,
1218 3068 1249 3123 et

274 3145 354 3228 qood
378 3164 450 3207 rece
473 3145 644 3226 philosophi
665 3145 832 3225 jucundum
856 3145 931 3208 nihil
948 3154 1000 3218 cst,
1025 3147 1083 3207 nisi
1099 3144 1178 3228 quod
1199 3165 1248 3207 re·

273 3233 336 3294 llcil
364 3233 503 3294 varietas.
547 3235 658 3294 ductor
692 3231 772 3294 idem
806 3251 882 3312 opus
914 3251 966 3294 sex
1004 3230 1248 3293 distinctionibus

273 3319 411 3388 variavit,
443 3326 506 3379 tum
533 3337 589 3397 pro
617 3337 651 3379 eo
678 3325 711 3380 ut
739 3319 906 3380 auditorem
931 3317 1062 3379 brevitas
1084 3318 1249 3380 instrueret

273 3402 399 3474 lacllius,
423 3423 491 3464 cum
515 3420 571 3483 pro
594 3422 630 3464 eo
654 3411 687 3463 nt
702 3401 864 3476 idemtitas,
887 3423 963 3485 «luae
980 3421 1048 3464 rara
1069 3411 1114 3466 est
1130 3407 1247 3474 salicta,

273 3487 392 3568 legendi
415 3489 545 3550 taedium
569 3506 630 3550 non
653 3489 789 3552 inlerret.

360 3573 393 3635 lu
421 3573 520 3635 lronte
548 3571 709 3652 cujuslibet
743 3572 946 3635 distinctlonis
974 3569 1115 3651 gencrale
1148 3573 1250 3652 posnlt

272 3657 354 3720 illlus
382 3662 412 3720 et
438 3655 519 3720 llllus
548 3655 740 3738 proverblum
765 3661 883 3719 teniore
907 3657 1009 3726 modo.
1040 3657 1119 3736 (ruod
1144 3655 1247 3718 cadero

274 3745 407 3805 continet
437 3743 589 3804 distinctio
623 3740 764 3804 nobiliter
799 3745 1049 3821 impraegnatum.
1094 3741 1188 3802 Etiam
1218 3741 1249 3802 lu

276 3831 374 3908 capite
396 3827 466 3888 librl
489 3827 638 3906 quoddam
669 3826 861 3906 proverbium
884 3826 995 3894 Ovidii,
1025 3824 1103 3905 quod
1132 3828 1249 3906 speria-

345 4033 372 4098 1)
391 4035 469 4086 llncc
487 4049 542 4085 non
561 4033 635 4102 apud
655 4013 815 4096 llorctium}
835 4031 957 4084 lorlosco
971 4031 1135 4084 nostrisunt
1148 4033 1177 4084 ot
1189 4030 1253 4082 imi-

277 4105 348 4158 tatio
361 4105 483 4158 Plautiui
496 4104 575 4157 dicti:
596 4103 729 4157 Felieiter
742 4105 825 4171 sapit,
843 4102 890 4171 qui
903 4101 996 4155 alieno
1017 4099 1142 4171 periculo
1164 4101 1249 4170 capit.
