3372 4788
401 753 507 810 xvru‘
745 736 1032 800 ruonuoouuur.

403 898 439 964 iu
461 898 628 984 postorum
651 893 852 978 uliorumque
866 891 1061 977 scriptorum
1075 890 1251 957 lutinorum
1265 888 1373 955 libris:

402 983 436 1049 id
457 980 543 1067 quod
565 1001 633 1046 non
654 978 760 1046 solum
781 977 946 1063 frequenti
967 976 1150 1043 imitatione
1172 997 1294 1060 sorum,
1317 973 1374 1040 sed

400 1067 497 1134 etium
518 1065 626 1134 serbis
647 1085 760 1132 eorum
781 1065 839 1129 uut
859 1061 943 1129 nihil
964 1065 1022 1129 uut
1043 1061 1224 1148 paullulum
1239 1061 1373 1127 mutetis

403 1153 438 1219 in
460 1154 585 1218 textum
601 1149 695 1216 Vites
718 1150 869 1216 metricue
890 1147 1027 1234 receptis
1049 1147 1203 1233 proditur.
1249 1143 1375 1212 Horum

325 1259 328 1266 ’
400 1237 544 1302 omnium
577 1235 733 1301 letissime
766 1237 855 1320 putet
886 1231 1043 1320 Vergilii,
1078 1232 1213 1312 Luceni,
1245 1228 1373 1296 Horatii

400 1322 551 1408 imitatio,
580 1321 724 1407 puncius,
756 1319 813 1386 sed
841 1319 904 1404 itu,
936 1323 974 1386 ut
1001 1317 1147 1384 dubiture
1172 1339 1240 1384 nou
1267 1316 1373 1400 lieeut,

401 1407 603 1490 Iuvenalem,
626 1407 790 1491 Persium,
813 1404 979 1475 Sedulium
1002 1404 1162 1492 sequitur,
1184 1403 1375 1472 imitationis

402 1495 584 1564 Oridiunue
605 1493 763 1562 nonnulle
783 1492 913 1583 quidem
936 1493 1018 1561 resti
1045 1493 1074 1559 'u
1103 1490 1288 1578 offendunt,
1316 1510 1376 1557 nec

401 1604 479 1652 vero
501 1605 541 1651 44
561 1587 629 1650 tum
650 1585 778 1671 upertu,
800 1583 837 1649 ui
858 1581 899 1649 od
921 1603 994 1649 eum
1011 1513 1054 1649 <E
1073 1579 1210 1648 coneilio
1226 1601 1262 1648 ue
1276 1577 1377 1666 uppli·

402 1692 492 1739 cesse
513 1670 686 1738 consimile
707 1670 759 1738 sit.
793 1667 897 1736 Servii
919 1668 1185 1737 commentorium
1200 1668 1236 1734 in
1251 1665 1376 1754 Vergil.
1429 1689 1431 1694 ·

408 1759 489 1825 Aen.
513 1757 593 1843 quiu
614 1761 690 1822 unte
717 1753 826 1823 oculos
854 1753 1004 1822 hubuerit
1030 1753 1146 1830 1460,
1175 1753 1375 1820 Murtiunum

405 1841 571 1928 (lupellum
591 1841 836 1927 compluribus,
859 1839 1058 1923 Sallustium,
1092 1839 1263 1921 lustinum,
1298 1837 1377 1904 Boe·

402 1928 518 2009 thium,
542 1920 733 1992 llroutinum
748 1925 961 2010 gromatioum
976 1925 1114 2010 singulis
1129 1924 1219 2008 locis,
1235 1923 1376 1989 dubituri

376 2045 379 2052 ,
405 2010 538 2075 omniuo
566 2030 632 2074 non
660 2011 778 2108 potest
816 2008 962 2074 Aliorum
985 2009 1084 2074 etium
1106 2009 1315 2093 scriptorum,
1341 2009 1379 2072 ut

405 2093 580 2174 Ciceronis,
603 2091 675 2160 Silii
697 2091 815 2172 ltulici,
830 2092 979 2175 Ausonii,
1001 2092 1063 2157 loci
1084 2091 1248 2157 interdum
1269 2092 1379 2156 animo

404 2179 474 2243 eius
496 2177 657 2244 obversati
679 2197 750 2242 essu
773 2177 931 2256 ridentur.
965 2176 1105 2242 Grueoou
1127 2178 1300 2262 scriptores
1322 2197 1380 2241 suu

406 2261 544 2328 lectione
559 2262 645 2347 ipsos
660 2261 807 2348 cognitos
822 2261 973 2327 hubusrit
986 2280 1099 2347 necne,
1115 2261 1262 2346 quumvis
1278 2262 1381 2326 multu

405 2345 505 2414 verbu
527 2367 643 2433 greeae
665 2345 808 2414 versibus
830 2346 896 2429 uuis
917 2346 1090 2413 inseruerit
1112 2352 1145 2413 et
1167 2344 1301 2411 Homeri
1322 2344 1378 2411 Ili-

407 2431 477 2497 odis
499 2435 533 2498 et
548 2429 710 2518 Odysseae
731 2432 928 2498 mentionem
950 2429 1065 2517 furiet,
1088 2430 1268 2516 disceptare
1290 2431 1379 2517 equi·

407 2518 480 2582 dem
502 2537 570 2583 nou
591 2517 710 2582 uuuim:
732 2538 792 2583 uec
813 2537 890 2582 vero
911 2518 1025 2602 nugari
1044 2517 1168 2616 poterit
1182 2537 1255 2582 eum
1270 2517 1380 2601 uliquu

411 2606 530 2667 temen·
550 2600 686 2668 soientiu
714 2601 761 2667 lin
806 2622 844 2667 44
874 2621 1008 2686 grueoue
1041 2605 1237 2668 instructum
1270 2601 1380 2667 fuisse.

408 2685 480 2754 Huc
494 2707 562 2752 non
575 2685 666 2770 fucit,
682 2707 747 2772 quo
784 2685 987 2772 proverbium
1002 2708 1155 2772 graecum
1177 2682 1256 2764 ὄνος
1275 2685 1381 2768 λύρας

411 2770 523 2838 luudut
544 2769 591 2859 (11
612 2772 702 2859 474),
730 2772 850 2858 quippe
879 2771 966 2858 quod
996 2795 1036 2838 ex
1062 2771 1224 2838 Murtiuno
1247 2769 1381 2857 (lupello

409 2856 532 2923 discere
553 2859 697 2944 potuerit
717 2861 751 2923 et
773 2879 844 2924 meo
866 2856 995 2942 quidem
1011 2856 1127 2924 iudicio
1143 2857 1300 2937 didicerit,
1324 2858 1381 2922 mi-

409 2965 469 3010 uus
492 2943 588 3010 etium
610 2964 806 3030 permuguue
828 2965 981 3010 numerus
997 2944 1166 3011 verborum
1181 2965 1379 3032 graecorum,

408 3030 525 3117 quibus
539 3051 671 3098 eurmen
685 3051 779 3098 uuum
795 3030 978 3116 exornuvit,
999 3052 1071 3098 cum
1093 3031 1246 3118 pleraque
1268 3051 1377 3098 eorum

409 3117 926 3272 :tlt⁵⁰:¹t‘t“tlltuutl
939 3115 1383 3273 ttulltltma‘ttl

414 3289 523 3354 lutiniu
559 3310 627 3354 non
664 3291 813 3356 extentio
845 3290 930 3375 opud
966 3225 1168 3356 Thiofrldom
1205 3288 1382 3370 offendunt,

409 3393 491 3458 quus
518 3372 604 3438 unde
633 3373 762 3440 heurirs
789 3374 930 3460 potuerit
955 3375 1019 3440 nisi
1046 3378 1104 3441 444
1130 3397 1169 3440 ux
1201 3375 1276 3442 vivu
1304 3395 1381 3440 roes
1446 3395 1450 3400 ·

410 3478 526 3605 praece
546 3458 716 3524 scientium
739 3464 798 3525 eut
818 3480 858 3525 ex
879 3459 1009 3545 scriptis
1031 3461 1171 3547 grueciu,
1198 3481 1266 3526 non
1288 3459 1383 3526 intel·

425 3562 496 3628 ego.
533 3540 617 3619 Quid
632 3543 716 3628 quod
731 3563 810 3626 noys
824 3549 858 3610 et
871 3549 995 3629 stayros
1008 3545 1122 3610 scribit
1135 3546 1241 3611 verbis
1258 3545 1382 3631 grueois

409 3630 494 3704 νοῦς
508 3630 541 3693 44
555 3627 701 3711 occupor
720 3627 763 3694 od
782 3627 925 3696 litterum
938 3628 1101 3698 redditis?
1136 3627 1220 3707 Quid
1240 3628 1324 3716 quod
1348 3630 1383 3697 in

413 3712 589 3794 vocubulis,
612 3734 693 3799 quae
708 3717 785 3780 eunt
798 3717 957 3797 metictas,
968 3715 1161 3800 paracletus,
1177 3717 1371 3782 anachoreta

412 3797 603 3881 4494444444
630 3797 777 3864 codicum
805 3801 966 3884 scripture
992 3801 1161 3885 amtlytcs,
1185 3801 1382 3884 paraclytus,

411 3881 617 3966 anachorita,
638 3903 812 3967 ypumcrrus
832 3885 1131 3970 pronuntiationem
1145 3886 1233 3951 illum
1249 3886 1384 3952 Graeco-

365 3973 368 3980 “
411 3987 481 4032 rum
510 3967 740 4048 recentiorum,
775 3991 856 4054 quoe
884 3969 1050 4035 iteciumus
1078 3975 1229 4054 vocatur,
1263 3970 1382 4057 prodit,

411 4073 483 4116 cum
493 4051 528 4117 in
539 4051 611 4118 eliis
623 4052 796 4140 plerisque,
808 4053 898 4120 velut
912 4055 1073 4140 alleporia,
1084 4055 1212 4141 alleluia,
1223 4057 1383 4140 4444144444,
