3426 4786
424 661 468 728 40
823 653 1014 712 THIOFRIDI

426 814 608 881 Praesciuit
629 812 757 898 fragilis
780 833 814 878 se
837 812 920 878 solvi
944 832 1071 878 carcere
1094 813 1215 892 carnis,

427 900 592 967 Emeritus
614 898 708 965 miles
730 898 836 984 cupiit
857 898 951 963 finire
974 897 1115 982 labores,

426 985 479 1052 No
501 1008 517 1052 s
540 986 690 1051 obtutum
712 984 799 1070 fixit,
824 1005 888 1084 quo
910 983 1001 1050 novit
1022 984 1160 1065 iturum,

376 1008 500 1138 esdad
514 1070 671 1155 pastorali
693 1091 728 1136 se
751 1073 854 1136 sensui
876 1069 962 1136 fasce
1044 1069 1123 1134 rari.

431 1153 569 1254 Sumpio
593 1153 746 1237 consilio,
770 1153 857 1304 qpvod
881 1155 988 1220 contio
1001 1174 1040 1218 aa
1062 1153 1151 1218 dedit
1172 1152 1267 1237 ordo,

430 1238 623 1305 Pontificem
647 1259 707 1324 pro
730 1261 765 1304 se
833 1238 993 1304 iufridumn
1012 1238 1139 1304 censuit
1160 1258 1239 1304 esse.

429 1321 462 1388 Is
483 1324 608 1390 meritis
630 1343 786 1410 magnus,
833 1344 968 1389 onerosa
989 1323 1090 1408 stirpe
1112 1321 1305 1406 Britannus,

428 1407 571 1475 Delicias
592 1409 717 1494 patriae
739 1345 832 1495 iugi?
847 1409 940 1494 quasi
962 1408 1068 1474 taedis
1089 1409 1188 1492 vitae,

315 1575 317 1580 Ι
378 1510 418 1552 ⁸⁹0
432 1491 473 1560 Se
495 1494 557 1560 sibi
579 1495 734 1576 subiecit,
759 1516 818 1561 ceu
839 1494 927 1581 patri
949 1494 1034 1560 filius
1057 1493 1177 1560 haesit:

431 1578 494 1644 Per
514 1584 581 1646 ires
603 1602 641 1647 ac
662 1580 763 1648 denos
785 1601 842 1646 cor
863 1580 952 1646 cordi
974 1580 1084 1665 paruit
1104 1601 1219 1645 annos.

430 1664 526 1731 Hunc
548 1665 595 1732 iis
616 1666 804 1731 devinctum
826 1664 888 1730 sibi
912 1664 1118 1750 compellavit
1138 1665 1294 1731 amicum:

430 1748 555 1815 ‘Dulcis
577 1749 625 1815 fili
648 1751 709 1834 mi,
732 1771 805 1815 mea
827 1748 914 1815 dicis
935 1749 1022 1814 senis
1042 1749 1145 1834 patris
1166 1747 1250 1814 audi.
1322 1756 1402 1812 668*

431 1831 564 1919 Cernis,
585 1838 624 1900 ui
644 1835 713 1934 ipsc
735 1834 829 1920 graui
852 1854 971 1920 gravor
991 1856 1030 1899 cx
1053 1836 1157 1900 seteis
1180 1833 1289 1899 senili:

378 1934 417 1975 ⁶⁹⁶
430 1917 598 1985 Deficiunt
673 1919 721 1984 les
743 1919 839 1985 effeto
860 1940 995 2004 corpore
1018 1919 1117 1997 vires,

432 2002 574 2092 Sanguis
597 2003 638 2070 he
662 2010 695 2071 ei
716 2004 859 2093 gelidus,
883 2008 1027 2072 cassatur
1048 2004 1196 2071 acumine
1219 2025 1348 2090 seusus,

431 2088 509 2158 Nou
524 2091 634 2179 gregia
657 2091 743 2158 hunc
758 2094 903 2178 coetum,
928 2113 986 2158 ceu
1000 2092 1074 2180 pavi
1083 2143 1092 2179 ,
1114 2113 1246 2180 pascere
1261 2113 1403 2180 possum,

430 2175 576 2245 Excusso
598 2177 703 2246 stadio
726 2182 830 2246 metae
853 2178 995 2247 confinis
1016 2185 1126 2265 tango.

431 2263 480 2331 Tu
503 2287 581 2332 vero
604 2265 689 2334 lasis
710 2288 826 2333 vernas
847 2265 983 2333 florente
1005 2267 1154 2351 iuvenis,

379 2367 418 2409 2⁰⁰
429 2351 476 2418 Es
498 2356 587 2420 totus
609 2353 721 2420 viridis
743 2354 906 2454 protensis
929 2355 1087 2440 sauguine
1109 2355 1211 2438 vanis,

430 2437 476 2504 Er
499 2439 667 2524 speculum
690 2440 837 2524 senibus,
861 2441 1012 2506 iuvenum
1036 2440 1152 2506 turmis
1174 2438 1358 2505 imitandus.

429 2522 505 2588 Non
528 2524 630 2622 igitur
651 2531 779 2672 nupcias
817 2546 884 2591 uon
907 2525 1088 2590 excusando
1109 2524 1245 2610 refutes,

432 2605 499 2672 Fac
512 2609 605 2692 mihi,
628 2630 670 2693 qu
726 2575 808 2694 rog'o
823 2613 865 2689 te,
887 2609 1031 2756 regimen
1047 2608 1108 2673 hoc
1122 2609 1248 2693 suscipe
1262 2630 1321 2692 pro
1337 2629 1400 2693 mc,

432 2689 505 2754 Hoc
526 2713 581 2755 me
602 2692 689 2756 iesca
712 2693 799 2774 laus,
823 2713 918 2757 succe
940 2715 975 2768 e,
999 2693 1050 2756 dei
1072 2713 1150 2777 rege
1172 2699 1347 2789 spoussm!

379 2787 417 2828 τοῦ
431 2771 523 2839 Haec
545 2778 640 2858 peior
660 2774 797 2857 infudit,
820 2777 874 2840 ead
898 2775 985 2840 filius
1006 2776 1070 2840 isia
1092 2775 1230 2840 refudit:

431 2855 521 2943 ‘Non
545 2879 616 2923 sum
637 2881 698 2944 par
720 2859 828 2944 oneri,
851 2881 916 2945 quo
939 2882 991 2925 me
1013 2860 1128 2925 suadas
1150 2860 1292 2942 onerari,

430 2939 500 3006 Nec
515 2963 675 3008 oenonum
689 2944 833 3028 grauitas
847 2943 938 3010 iubet
951 2943 1025 3026 hoc,
1041 2965 1113 3008 mea
1126 2964 1188 3009 nec
1202 2945 1282 3009 sinii
1296 2947 1399 3009 aetss:

432 3023 509 3091 Non
532 3029 582 3092 esi
603 3027 751 3113 expletus
773 3028 854 3093 mihi
876 3029 1163 3115 quinquagesimus
1185 3049 1304 3112 sunus,

432 3109 497 3176 [ox
519 3132 584 3196 quo
607 3112 726 3178 divinis
748 3111 923 3180 committit
943 3136 1021 3179 uasa
1041 3113 1171 3178 Levitis.

379 3210 417 3251 ²1⁰
431 3193 507 3261 Non
529 3195 697 3262 sublimari
718 3199 809 3277 veni,
831 3219 899 3263 nou
921 3198 1109 3284 glorificari,

430 3276 522 3345 Misit
543 3281 740 3365 apostolicus
761 3303 813 3348 me
836 3281 1026 3368 Gregorius,
1050 3281 1187 3368 uigilum
1209 3282 1288 3368 dux,

430 3363 520 3449 Dux,
544 3366 695 3452 inquam,
718 3367 855 3454 vigilum
877 3388 973 3454 super
995 3368 1145 3435 excubias
1167 3369 1364 3454 animarum,

430 3448 579 3519 Sumeret
600 3457 637 3520 ut
657 3475 715 3540 por
736 3475 788 3520 me
810 3454 900 3521 verbi
923 3454 1097 3522 Germanis
1117 3476 1240 3524 sumen.

430 3535 494 3604 Sed
516 3539 593 3639 quie
615 3544 648 3606 ie
669 3539 737 3607 vidi
760 3541 899 3628 speeiem
921 3542 1044 3609 domiui
1067 3542 1241 3630 speculari,

381 3641 418 3682 ²¹5
431 3623 485 3692 Me
507 3625 568 3692 ubi
591 3629 764 3714 supposui,
786 3627 849 3695 feci
873 3629 1023 3715 quicquid
1047 3630 1189 3700 voluisti.

499 3784 549 3836 682
567 3779 676 3837 scivere
695 3783 721 3836 Τ
795 3788 845 3839 686
863 3783 1007 3839 conciolae
1027 3782 1085 3840 GT
1159 3788 1211 3840 688
1228 3786 1324 3854 styrpe
1343 3784 1403 3841 GT

428 3853 479 3904 688
496 3846 576 3902 tedia
593 3847 620 3903 Τ
668 3855 719 3905 aas
737 3851 814 3906 etate
834 3851 861 3906 T
908 3857 959 3907 688
977 3849 1126 3907 affected
1177 3857 1227 3908 687
1246 3854 1359 3908 caetum
1373 3852 1400 3906 G

428 3916 567 3971 cetumT
651 3916 780 3974 6881888
798 3918 824 3971 Τ
906 3925 957 3974 '104
975 3918 1158 3974 suecaedeG
1193 3918 1362 3989 deinomini
1375 3919 1402 3974 Τ

430 3987 479 4038 '10⁶
497 3981 557 4038 Hac
576 3981 635 4037 GT
702 3990 751 4039 '115
771 3985 956 4055 quidquidT
