3372 4788
768 1423 801 1501 Ι.

296 1575 455 1663 Prologus
474 1577 509 1641 in
530 1578 629 1643 vitam
646 1576 826 1644 Wilbrordi
847 1584 1005 1647 crusmate
1021 1581 1170 1685 dignam.
1193 1593 1211 1652 f.
1223 1599 1270 1649 επ

735 1717 835 1726 ——a-

294 1793 371 1860 Non
393 1795 470 1860 salit
490 1795 615 1881 ingenii
637 1795 718 1861 mihi
740 1797 866 1880 proflua
889 1819 973 1864 vena
995 1797 1148 1886 profundi

293 1877 364 1946 Nec
385 1901 437 1946 me
460 1885 613 1948 ventosae
635 1881 731 1967 rapit,
755 1881 850 1948 inflat
871 1881 977 1969 gloria
1000 1884 1117 1969 famae,

294 1963 356 2032 Sed
379 1965 466 2033 Osrli
488 1966 630 2052 prudens
654 1967 780 2033 Alcwin
803 1972 915 2036 movet
936 1969 1187 2056 hyperaspistes,
1282 2035 1284 2038 .

268 2051 446 2120 cCarmine
468 2055 524 2140 qui
548 2053 651 2120 nostri
673 2053 810 2140 replicat
831 2076 924 2122 secra
945 2060 1038 2142 gesta
1061 2059 1202 2143 patroni,

293 2137 356 2206 Sed
377 2160 446 2206 non
467 2139 617 2222 attendit,
640 2163 723 2227 quae
745 2140 870 2227 syllaba
891 2142 1002 2293 lcnpa,
1026 2144 1133 2211 brevis
1157 2145 1211 2232 sit,

293 2223 337 2291 Et
358 2247 416 2291 ceu
439 2225 592 2312 Lucilius,
615 2226 691 2292 dum
713 2227 856 2311 profluit,
880 2231 931 2294 est
965 2229 1150 2296 utulentus:

292 2309 473 2396 Invigilans
499 2312 585 2377 curis
607 2311 700 2376 aulae
725 2314 831 2398 magis
854 2313 1031 2396 imperialis

294 2393 391 2480 Cogit
412 2396 495 2461 inire
517 2395 628 2461 modos
649 2418 702 2462 me
724 2418 822 2462 rauca
844 2397 939 2463 fauce
961 2420 1106 2465 sonoros.

254 2477 368 2546 roNon
390 2481 672 2566 superimpositam
695 2479 758 2546 sibi
780 2481 886 2546 laudis
909 2481 1003 2549 demo
1026 2505 1189 2568 coronam,

292 2563 353 2630 Sed
374 2567 483 2650 potius
505 2587 628 2646 vereor,
651 2587 693 2631 ne
715 2569 833 2632 cuncta
853 2572 961 2653 neget·
975 2566 1057 2633 mihi
1082 2568 1175 2652 livor,

291 2649 341 2717 Ne
363 2651 493 2718 mordax
516 2651 612 2738 aspis,
634 2674 676 2718 ne
698 2649 821 2719 Lernae
844 2653 991 2720 mordeat
1012 2653 1138 2742 anguis.

292 2736 371 2804 Fido
392 2743 513 2822 tamen,
540 2739 655 2806 vestris
678 2739 706 2804 ai
728 2763 780 2806 me
802 2740 977 2806 defenditis
999 2741 1107 2826 armis,

292 2823 389 2890 Virus
410 2825 576 2912 vipereum
598 2829 680 2906 tero,
702 2827 791 2892 calco
813 2849 911 2913 super
935 2827 1128 2894 basiliscum.

254 2932 280 2973 1⁵
292 2907 433 2994 Spiritus
455 2913 577 2997 aspiret
597 2933 754 2990 summus,
777 2933 850 2977 mea
872 2911 1005 2978 carbsea
1029 2913 1153 2998 perflet,

291 2993 494 3062 Transvchat
515 2997 550 3062 in
571 3001 702 3082 portum
725 2997 796 3061 sine
822 3000 1015 3082 tempestate
1037 2999 1195 3082 quietum.

331 3247 357 3318 I.
385 3247 507 3348 Incipit
528 3248 667 3316 heroicis
690 3248 871 3315 Wilbrordi
892 3251 961 3316 vita
984 3250 1137 3316 camenis.
1181 3258 1263 3321 tut*

291 3331 467 3409 Quadrifidr
490 3334 590 3401 cosmi
615 3335 717 3401 solem
740 3356 893 3420 peperere
917 3334 1078 3420 Britanni,

290 3417 398 3486 Solem
413 3419 648 3506 Wilbrordum‚
670 3420 726 3507 qui
741 3420 842 3486 comit
857 3420 979 3487 lumine
994 3421 1162 3502 mundum,
1189 3428 1208 3486 t.
1219 3434 1265 3486 ω’

251 3503 427 3572 rcLumine
451 3506 591 3589 caelesti,
616 3506 717 3571 divini
739 3511 902 3594 spermate
925 3507 1026 3572 verbi.

289 3588 355 3656 Hic
376 3593 466 3676 prius
489 3597 539 3658 est
560 3597 658 3657 nctus
680 3592 811 3672 mundo,
835 3613 932 3740 ‹puam
955 3590 1116 3672 conditus,
1140 3596 1244 3676 ortus,

290 3676 379 3740 Ante
401 3676 572 3761 revelatus,
595 3697 692 3776 quam
716 3677 821 3741 carnis
858 3681 998 3775 ammata
1019 3679 1145 3774 nactus.

289 3757 374 3843 Nam
397 3764 510 3827 tantae
532 3760 635 3845 prolis
656 3764 770 3841 mater,
793 3760 853 3826 flos
875 3760 1068 3838 nobrlrtatrs,

354 3928 464 3984 Varia
485 3929 604 3985 lectio.
675 3929 824 4000 spartus
850 3930 876 3985 1·
942 3927 1144 3984 4AlcuninT
1176 3943 1261 4000 yper-

288 3999 408 4079 aspisten
436 3997 496 4054 GT
563 4005 579 4055 9
606 4015 720 4055 sonoras
746 3997 773 4054 T
799 4067 805 4080 .
841 4005 873 4055 10
899 4014 983 4069 snper
1012 3995 1176 4079 immitam
1207 3995 1268 4054 GT

289 4073 321 4124 14
340 4067 511 4138 basrlyscum
531 4067 591 4125 GT
657 4073 692 4126 ‘20
709 4067 807 4124 celesti
827 4067 887 4130 GT
954 4074 985 4123 21
1005 4013 1110 4186 surdus·
1122 4065 1148 4122 T

1074 4159 1086 4207 1
