3340 4788
406 669 450 736 64
719 670 780 722 nn.
799 669 837 720 11.
873 685 901 722 v.
918 670 1063 722 rie-rm.

452 826 583 891 Plurima
605 824 643 886 de
666 821 736 886 belli
758 825 944 906 proprietate
967 821 1059 903 loqui.

408 917 442 978 ln
465 913 571 975 cestrie
594 917 643 972 est'
660 909 782 988 grando
804 911 831 970 ei
854 908 980 969 munitio
1003 924 1101 976 curae,

450 999 619 1076 Torpentee
641 994 746 1074 vigiles
769 994 949 1056 circueundo
970 1003 1079 1054 monet.

408 1085 486 1146 lluic
509 1082 623 1142 eratin
646 1082 731 1154 signo
754 1097 840 1140 mens
861 1079 1065 1139 sollertissime
1089 1075 1196 1145 dendo,

452 1167 624 1227 lnstnuruns
647 1163 724 1222 ecies
747 1161 824 1222 bella
847 1178 967 1221 movere
990 1160 1087 1220 docet.

408 1249 546 1312 Pondere
569 1257 677 1308 cuncto
699 1243 780 1307 velut
800 1244 1081 1306 observantissimus
1103 1245 1191 1323 ecqui

452 1335 556 1404 Tenet,
580 1342 620 1402 et,
644 1338 678 1392 ut
696 1331 790 1404 cedat,
814 1331 888 1392 lalso
910 1337 1028 1390 moneto
1050 1336 1151 1408 roget:

408 1421 447 1486 Et
469 1419 599 1482 breviter·
621 1427 728 1480 cuncte
750 1413 843 1479 uoluit
863 1414 997 1496 neglecto
1021 1417 1130 1496 putori,

452 1507 484 1570 Si
507 1523 567 1568 non
589 1502 732 1568 sollicitus
754 1503 878 1567 adderet
900 1505 965 1584 ipse
989 1503 1078 1564 vices.

409 1595 505 1674 Saepe
528 1599 735 1674 repraesentet
756 1591 886 1654 vnlidum
910 1609 942 1653 sc
964 1589 1084 1656 robore,
1106 1589 1183 1651 sicut

453 1681 492 1742 Se
514 1678 692 1759 plerumque
714 1676 791 1741 solet
813 1677 945 1757 elligiaro
967 1676 1060 1756 pugil.

409 1767 566 1845 ingenium
589 1764 664 1826 male
687 1781 777 1844 saepe
799 1773 912 1841 monet,
935 1761 1105 1824 mulcedine
1127 1759 1176 1824 toli

453 1849 608 1930 Argolicos
630 1852 723 1912 morit
744 1851 916 1928 ingeniosus
937 1846 1039 1909 homo.

607 1995 756 2052 HEUPOR
773 1995 865 2051 'PRES
884 1993 1030 2051 ooomtu
1047 1994 1172 2055 DUGES.

411 2106 477 2168 lom
500 2105 559 2166 duo
583 2103 762 2166 transierant
784 2101 882 2183 elapso
906 2121 981 2184 pace
1004 2101 1181 2165 decembres

453 2192 568 2254 Acriter
591 2193 622 2253 in
644 2189 769 2252 Mortem
792 2189 1029 2269 congrediuntur
1050 2190 1130 2254 item.

411 2275 445 2339 ln
469 2275 592 2338 llertem
616 2274 686 2352 diri,
710 2285 773 2338 tum
796 2293 913 2356 possem
936 2274 1038 2336 dicere
1060 2290 1198 2345 mortem,

453 2361 529 2423 lium
552 2361 675 2423 Martem
699 2368 848 2442 repetunt,
872 2360 979 2422 lunera
1001 2364 1110 2423 mortis
1131 2369 1230 2440 agunt.

414 2447 559 2509 Aeacides
581 2447 668 2515 ecles.
694 2445 860 2514 Diomedes.
885 2443 979 2524 major
1001 2446 1119 2507 Atrides

456 2532 495 2592 Et
516 2532 613 2590 minor
635 2529 775 2600 educunt.
798 2529 911 2590 hostico
934 2532 1020 2607 signo
1044 2528 1152 2592 lerunt.

412 2613 584 2676 Occurrunt
605 2613 737 2683 Graecis,
761 2613 943 2675 Graecorum
967 2610 1091 2675 mallone
1114 2613 1235 2691 Hector,

454 2701 579 2767 deneas,
601 2696 737 2764 Troilus:
760 2697 810 2758 liic
831 2698 864 2757 llt
887 2703 917 2756 ot
936 2698 1007 2758 inde
1029 2715 1130 2758 sonus.

411 2779 602 2841 Concurrunt
623 2782 720 2849 cunei,
742 2778 895 2842 rubellunt
915 2775 1062 2858 sunguine
1084 2782 1191 2860 campi,
1277 2841 1279 2845 ,

456 2864 510 2926 llic
531 2880 594 2943 pes,
617 2863 666 2926 hic
689 2865 832 2928 lmmeruo
854 2864 903 2926 hio
922 2863 1043 2944 jacuere
1065 2884 1182 2928 monus.

410 2951 467 3015 lllo
488 2951 575 3020 letus,
599 2949 648 3012 tric
670 2948 783 3030 oculos,
806 2951 856 3016 hic
879 2968 977 3022 coros,
999 2947 1049 3011 llle
1072 2950 1200 3014 lacertos
1328 2963 1378 3013 tto

457 3035 513 3098 llio
535 3053 615 3108 crus,
639 3035 688 3098 lric
711 3037 814 3100 clunes
837 3036 975 3119 perdidit,
999 3035 1053 3099 ille
1075 3038 1176 3120 pedes.

412 3122 506 3194 illiue,
530 3123 617 3185 istius
640 3131 731 3203 ceput
752 3143 769 3186 a
791 3125 909 3186 cervice
932 3123 1081 3185 revulsum

455 3208 584 3270 Currere
606 3208 684 3271 mole
706 3207 784 3289 piloe
805 3209 897 3271 rubra
920 3225 977 3288 per
998 3227 1067 3270 orna
1091 3210 1173 3281 vide;

411 3293 616 3372 Sanguineum
638 3296 736 3357 rivum
758 3295 935 3356 moribunda
959 3312 1013 3376 per
1036 3313 1086 3357 ore
1111 3296 1249 3358 lluentem

453 3378 508 3441 llic
529 3377 605 3442 bibit
627 3389 657 3442 et
677 3398 780 3443 semen
802 3383 956 3460 sanguinis
978 3378 1029 3442 ille
1053 3383 1151 3444 vomit.

411 3467 465 3527 Vix
489 3468 596 3544 recipit
617 3465 719 3546 largus
741 3473 891 3548 prostratu
914 3465 1057 3529 cadavere
1079 3485 1214 3550 campus.

453 3551 531 3613 vius
553 3551 750 3634 praecludunt
772 3562 887 3615 mortuo
910 3551 1042 3615 mernbre
1066 3551 1174 3616 locum.

409 3637 620 3718 Longuescunt
641 3657 732 3709 ormo,
756 3657 816 3702 non
839 3643 927 3717 ormi,
948 3638 1010 3702 eolo
1033 3638 1169 3703 voluntas
1292 3683 1295 3688 -

478 3859 537 3909 ittss.
567 3857 677 3924 Margo:
704 3874 799 3924 pugne
825 3864 927 3926 qonrto
952 3860 981 3910 in
1008 3875 1063 3926 quo
1081 3861 1187 3912 Hector
1209 3867 1266 3912 tren
1290 3861 1376 3913 doceo

411 3923 578 3973 Graecorum
612 3925 713 3976 oceidit
740 3925 951 3988 uenenariorum,
986 3927 1162 3978 Antilochum
1197 3933 1226 3978 ot
1254 3927 1375 3982 Booten.

409 3991 468 4041 tet.
489 4005 504 4040 o
522 3991 643 4056 margine
662 4006 724 4058 pro:
743 3992 846 4048 oculus.
918 3995 975 4044 tou.
997 4009 1011 4042 o
1031 3995 1153 4060 margine
1173 4010 1234 4059 pro:
1252 4010 1302 4060 pro
1320 4011 1376 4046 ore.
