3372 4788
752 646 814 702 Lib.
833 645 880 698 Vl.
918 661 944 698 v.
965 647 1056 696 1-14.

749 883 863 947 Libuit
886 883 1044 947 SEXTUS.

567 1033 770 1107 [tuotrtnuu
787 1033 969 1090 casleoca
987 1033 1091 1094 suant
1109 1034 1230 1107 uranu]

412 1176 519 1254 deguit
539 1177 670 1237 terream
694 1192 748 1236 rex
770 1178 947 1255 Aeneaeque
969 1174 1085 1236 sodates

414 1261 520 1322 Pacem
542 1259 716 1329 suadentes:
740 1260 835 1322 iratus
857 1258 950 1321 dictat
970 1261 1002 1320 in
1025 1259 1090 1321 auia

415 1342 550 1418 Qualiter
571 1343 803 1425 Amphimachus
826 1343 893 1406 iiius
917 1345 1099 1406 transmittet
1121 1343 1156 1406 ad
1181 1343 1285 1406 orcos.

413 1429 522 1494 Missua
543 1427 717 1511 Polydamas
739 1447 794 1512 pro
818 1429 976 1493 traditione
1000 1429 1139 1511 Synoueu

415 1515 458 1580 nd
482 1517 579 1579 socios
601 1517 683 1579 ducit
706 1535 722 1578 e
745 1518 867 1589 castris;
890 1515 940 1580 iiie
963 1523 1096 1595 reportat
1369 1525 1385 1573 n

415 1603 516 1683 Signa,
539 1602 648 1674 iocum,
673 1611 789 1684 ternpus
813 1605 945 1665 venturis
967 1601 1059 1666 limen
1082 1603 1113 1665 in
1135 1601 1227 1665 urbis.

415 1689 473 1752 Per
495 1689 574 1750 cives
597 1689 709 1751 intrant
730 1705 832 1768 regem
856 1687 1059 1770 populumque
1082 1687 1242 1758 trucidant,

416 1773 587 1854 Frangitur,
611 1773 759 1844 obruitur,
782 1774 820 1835 ad
842 1775 968 1837 fundum
991 1773 1081 1855 Troja
1104 1782 1265 1836 crematur.

415 1858 564 1921 Dictatore
586 1858 657 1920 iibri
680 1860 785 1940 positis
806 1867 962 1940 aetateque
983 1859 1093 1940 Troiae

416 1943 452 2004 Et
475 1959 601 2005 numero
624 1942 725 2005 caedis
746 1959 819 2022 gens
841 1945 954 2024 Graecq
978 1947 1123 2022 repatriat
1145 1944 1252 2006 omnis.
1355 1951 1387 1998 ιο

736 2157 876 2228 [euus1o
895 2157 1065 2229 uanum

417 2296 472 2371 Oui
496 2297 578 2361 coion
601 2299 684 2362 uibus
707 2305 780 2371 erat,
805 2317 884 2363 nunc
908 2309 954 2363 ost
975 2301 1142 2363 contrarius
1164 2297 1247 2371 aibo;

461 2383 497 2446 Et
520 2384 592 2446 nihii
617 2393 671 2458 est.
693 2385 731 2448 do
753 2403 812 2465 quo
835 2403 896 2448 non
917 2386 955 2448 sit
977 2386 1113 2448 babendo
1137 2385 1222 2450 tides.

419 2470 472 2532 iiis
495 2469 687 2533 Anchisiades
708 2471 972 2534 contrarietatibus
995 2480 1094 2534 astans

461 2553 553 2618 Fidus
576 2558 672 2635 primo
696 2556 784 2618 modo
807 2558 938 2636 pertidus
959 2558 1019 2622 exit
1040 2559 1071 2618 in
1093 2555 1183 2621 baec:

417 2640 460 2702 [ie
483 2638 563 2701 beiio
585 2642 622 2702 de
645 2659 719 2722 pace
740 2659 808 2704 reor
831 2643 902 2704 satis
925 2660 990 2704 esse
1012 2640 1155 2713 locutum,
1371 2652 1388 2701 5

461 2724 541 2786 iuter
564 2743 596 2786 ee
620 2735 753 2806 pugnant
773 2725 883 2806 jugiter
906 2727 959 2789 ista
981 2725 1049 2788 duo.

417 2808 498 2870 Haec
520 2811 608 2873 sirnni
631 2830 690 2873 nna
714 2813 819 2892 nequit
841 2829 926 2874 tuens
948 2810 1087 2892 ampiecti
1108 2811 1161 2873 sed
1185 2819 1313 2892 oportet,

460 2893 515 2956 ilic
538 2893 581 2957 rei
605 2895 647 2959 ibi
670 2898 767 2976 quivis
790 2905 823 2959 nt
845 2915 899 2960 sua
922 2904 987 2959 rota
1011 2897 1098 2960 iocet.

417 2977 514 3043 Nemo
537 2991 636 3061 potest
658 2983 789 3046 animaru
813 2985 903 3046 tantis
925 2982 1080 3046 inflectere
1102 2982 1204 3055 rebus,

462 3066 572 3130 Utres
594 3071 746 3151 oppositas
768 3087 854 3132 nactas
877 3070 953 3132 iurat
977 3088 1034 3132 uua
1057 3068 1139 3134 duas.
1358 3080 1390 3129 to

419 3152 474 3214 iiic
498 3151 618 3223 beilum.
643 3173 746 3235 pacem
771 3155 918 3218 desiderat
942 3158 1009 3224 isto,
1033 3157 1164 3236 quietern

463 3235 562 3316 Diligit
584 3239 644 3308 bic,
668 3241 773 3302 fluvios
794 3242 948 3318 sanguinis
972 3242 1027 3301 iste
1049 3241 1119 3300 sitit

417 3319 475 3392 Qui
497 3319 609 3385 beilum
632 3325 737 3386 sitiunt
759 3323 892 3386 illustros
914 3341 981 3386 esse
1003 3323 1149 3394 ridentur.

460 3406 513 3468 iiis
536 3411 614 3470 vires
636 3418 739 3491 optant
761 3412 956 3492 aequiparare
978 3428 1057 3472 suas.

421 3581 624 3590 ——--....-..-.—

488 3685 510 3735 i.
529 3683 620 3736 Sciroi.
639 3697 697 3736 urar
718 3685 780 3736 inin.
799 3686 877 3751 qussi
896 3682 977 3738 dicit:
997 3699 1076 3735 omno
1096 3683 1166 3748 quod
1188 3683 1216 3734 in
1238 3683 1336 3736 mundo
1348 3689 1390 3735 est

290 3755 293 3760 ⁴
418 3751 552 3820 *mantne
572 3759 623 3804 est.
643 3778 675 3790 -
694 3701 774 3805 grid.
794 3755 860 3806 Met.
880 3753 917 3816 11,
937 3754 984 3804 ott

532 3818 583 3870 Cui
602 3819 678 3871 color
696 3821 777 3870 albus
796 3825 857 3872 arat
874 3834 947 3870 uunc
966 3824 1009 3870 ast
1028 3820 1183 3871 eoutrsriun
1202 3819 1275 3874 albo.

418 3906 442 3955 2.
461 3904 512 3960 On.
532 3905 619 3954 Triot.
637 3905 660 3966 1,
677 3907 703 3967 i,
721 3905 746 3954 8.
818 3906 843 3955 9.
863 3905 902 3957 to.
919 3901 1054 3970 (Maxim.)
1073 3903 1095 3964 1,
1113 3904 1155 3954 db.
1174 3904 1208 3953 te
1226 3904 1273 3970 qui
1291 3902 1390 3954 bobeta

634 3971 718 4021 iiand
738 3970 822 4022 inoiie
841 3977 885 4022 est
903 3971 987 4021 anim.
1006 3977 1026 4020 t.
1046 3969 1064 4018 i.
1084 3987 1104 4022 r.
1123 3975 1175 4022 eto.
