3368 4792
414 661 457 728 36
738 661 800 711 ure.
818 662 839 715 1.
875 676 901 714 v.
920 660 1066 711 rae-rsa.

415 818 494 880 Ecce
516 814 600 877 vidos
624 813 779 877 Helenam.
824 814 958 875 Fortuna
981 785 1113 874 secunda
1136 811 1303 876 secundum

458 901 566 963 llentls
586 900 775 982 propositum
797 898 868 960 lecit
889 897 1000 980 ubique
1023 898 1131 960 locum.

417 989 482 1052 llex
505 988 546 1048 ait
567 985 719 1053 exultans:
743 993 862 1065 elego,
885 983 965 1066 quod
988 981 1096 1045 debeat
1118 985 1174 1046 lsta
1339 991 1391 1042 ‘tto

460 1070 585 1142 Praeda,
609 1073 765 1142 vaticinor,
790 1079 891 1130 nostra
913 1069 1014 1130 redire
1035 1087 1133 1131 soror.

416 1156 551 1235 luquirct
572 1172 628 1216 uos
650 1154 783 1214 Graecus
804 1152 904 1233 homo,
926 1171 988 1214 non
1010 1152 1123 1233 absque
1145 1162 1294 1230 restauro,

462 1243 504 1300 Ac
526 1239 584 1300 erlt
606 1255 623 1299 e
645 1247 749 1299 nostro
772 1236 902 1299 Graecia
925 1239 1000 1298 victa
1022 1236 1099 1299 loro.

421 1325 529 1404 'l'crgit
550 1333 580 1384 et
601 1322 652 1385 lrlc
674 1324 778 1386 oculos
800 1322 908 1385 muller
930 1325 1099 1385 castissima
1120 1323 1216 1386 siccos

461 1409 508 1478 Et,
532 1427 599 1470 cunr
622 1408 699 1470 laeta
721 1410 810 1479 loret,
834 1409 872 1470 eit
894 1410 980 1490 quael
1002 1417 1115 1470 moena
1138 1409 1232 1471 sedet.
1341 1418 1390 1468 tet

420 1495 598 1559 Consolotur
618 1513 685 1558 cam
707 1493 853 1566 Priamus,
876 1493 1036 1577 Paridique
1058 1496 1205 1575 rceignat;

462 1582 580 1645 'laedas
601 1583 769 1654 instituunt,
792 1583 867 1646 lesta
890 1599 996 1646 serena
1018 1580 1130 1646 colunt.

421 1670 469 1733 'l'u
494 1669 594 1732 credis
616 1678 728 1732 castam
751 1687 828 1751 quae
850 1671 967 1732 venerit
988 1668 1056 1740 truc,
1080 1687 1136 1748 ego
1159 1688 1230 1732 vero

465 1755 690 1838 Nccquidquam
714 1755 815 1829 credo,
838 1763 985 1838 pactaque
1008 1755 1088 1818 nulla
1111 1754 1198 1820 dabo.

421 1843 506 1907 Hanc
530 1842 693 1906 Cassandra
716 1843 835 1905 videns:
860 1844 940 1905 renlt
962 1842 1127 1905 destructio
1149 1842 1259 1924 'l'rojae
1342 1853 1393 1903 'tto

463 1928 502 1991 llt
522 1946 609 1991 casus
631 1929 759 2008 patrlael
781 1928 967 1991 vaticinando
990 1931 1079 1990 canit.

422 2015 550 2076 Includit
570 2025 655 2096 pater
678 2015 742 2076 eius
764 2033 838 2084 eam.
862 2014 1063 2077 mihilominus
1085 2019 1151 2096 ipsa

464 2100 615 2164 clamitat:
640 2102 670 2161 in
693 2098 783 2180 Troja
806 2100 914 2162 Troica
939 2101 1056 2163 damma
1079 2101 1173 2164 sodet.

495 2263 734 2320 autuultnoet
753 2263 869 2319 vemt*
887 2263 1094 2321 consonam
1111 2265 1319 2322 munaum

789 2332 830 2387 IN
848 2331 1028 2392 SPARTAM.

423 2439 457 2500 ln
481 2437 619 2516 Spartam
643 2446 784 2517 properat
803 2440 1008 2514 Agamemnon
1031 2439 1068 2498 de
1090 2438 1215 2501 Menelai

468 2521 595 2581 Pectore
618 2529 782 2598 puncturas
804 2517 915 2598 pellere
937 2522 1117 2581 moesticlae.
1344 2535 1395 2581 rao

428 2600 615 2670 Consoleris;
639 2604 689 2670 all.
712 2619 768 2681 per
789 2601 898 2662 'l'rolea
920 2605 968 2673 slt,
991 2603 1072 2669 licet.
1095 2620 1177 2663 arma

469 2685 611 2747 Tindaris
633 2683 741 2755 ablata,
761 2682 821 2763 jam
845 2692 1018 2765 repetemus
1040 2702 1116 2746 eam.

427 2769 509 2830 llaec
530 2769 586 2831 tlbi
608 2768 761 2838 reddetur,
785 2786 845 2830 non
868 2771 1025 2850 irrepetlta
1048 2769 1188 2840 manebit,

469 2855 535 2917 Non
558 2856 617 2916 crit
640 2873 655 2915 a
678 2854 849 2936 Phrygibus
872 2853 972 2916 abdita
994 2856 1109 2918 Graeca
1132 2874 1246 2918 manue.

426 2941 550 3004 Graecia
573 2939 748 3021 perdiderat
769 2939 927 3012 Helenam:
951 2942 995 3002 sio
1018 2951 1048 3003 et
1069 2941 1128 3003 duo
1152 2941 1260 3006 iratres
1347 2955 1398 3004 teo

468 3026 547 3100 Quld
569 3045 661 3108 super
684 3026 731 3091 iris
753 3027 872 3098 iaciant,
896 3026 1080 3091 consiliando
1103 3028 1217 3094 certent

428 3114 511 3179 rents
533 3113 661 3178 eonsilil:
687 3118 802 3197 patriae
824 3125 980 3179 notescere
1001 3114 1122 3180 lactum.

474 3201 608 3266 Notescit
628 3201 708 3263 nulla
731 3203 924 3284 provenlente
945 3221 1039 3265 mora.

427 3287 625 3351 Conveniunt.
668 3285 773 3349 Plures
795 3293 918 3368 poteras
938 3288 1049 3350 vidisse
1071 3286 1205 3360 Quirites

467 3372 617 3436 Mentibus
639 3372 769 3435 illustres
791 3369 956 3455 milltiaque
974 3372 1064 3435 leves.
1346 3387 1396 3436 tao

430 3459 573 3540 Impiger,
596 3458 769 3529 iracundus,
791 3457 995 3529 inexorabilis,
1018 3477 1087 3522 acer

469 3543 571 3607 desilit
593 3545 744 3615 Aeacides,
768 3552 860 3626 tuque
882 3542 1019 3608 Patrocle
1040 3563 1149 3608 comes

499 3783 559 3834 tat.
587 3783 617 3831 lu
634 3781 773 3848 margiuee
791 3783 890 3832 ironia.
961 3785 1019 3834 teu.
1039 3781 1105 3834 cot.
1124 3788 1211 3839 caeto.
1280 3788 1339 3838 tte.
1366 3802 1400 3838 ex

428 3850 562 3913 margine,
580 3863 630 3914 pro
648 3847 754 3899 codicis
773 3849 936 3930 consuleris.
989 3851 1047 3904 ild.
1065 3849 1095 3900 in
1112 3851 1249 3916 margine:
1266 3853 1323 3904 ists
1334 3869 1400 3904 cou-

430 3914 1351 4038 allilia.‘'att‘tltttttlnlftttillllat‘llt.‘⁵¹¹⁸
1367 3920 1401 3970 ¹³‘
