3340 4788
396 596 439 663 90
702 596 835 652 cao.111.
870 613 896 648 v.
915 599 1060 650 eoo-ose.

396 750 517 816 Addidit
539 751 569 813 iu
593 752 650 814 line
675 750 845 813 miserenda
868 770 923 832 pro
945 770 1037 833 prece
1061 753 1155 833 patris
1318 759 1368 810 nus

438 837 595 984 deacispem
619 838 709 898 iunus
731 838 898 906 restituisse
922 839 1009 918 patri.

398 922 467 988 Solc
491 931 534 985 tra
559 931 627 983 onte
650 921 737 992 dicun,
761 920 891 1000 depulsis
915 923 1045 1005 undique
1069 920 1172 992 stellis,

441 1009 578 1070 Memnon
600 1005 677 1069 bella
700 1006 833 1089 Phryges
855 1006 891 1068 ad
915 1008 1044 1071 rediviva
1068 1008 1169 1078 trahit,

398 1094 458 1166 Sic,
481 1111 520 1153 ne
542 1090 719 1171 perdiderit,
742 1110 801 1153 uon
825 1101 921 1152 cesset
944 1093 1071 1172 perdere
1095 1091 1192 1153 lusor:

441 1177 479 1238 Et
500 1183 620 1238 revocat
642 1174 764 1254 cupidas
787 1175 822 1235 ad
846 1193 899 1236 sua
923 1175 1029 1238 damna
1052 1193 1169 1237 manus.
1319 1181 1370 1231 otu

397 1261 456 1322 Pax
482 1259 578 1340 piacet
601 1259 731 1329 Atridae,
756 1261 848 1321 mittit
869 1278 925 1339 pro
947 1279 1020 1341 pace
1043 1259 1188 1341 petenda:

442 1344 502 1406 Pax
526 1343 612 1406 datur
637 1353 666 1405 et
687 1363 806 1407 menses
829 1344 917 1408 duret
941 1355 971 1408 ut
994 1344 1043 1406 illa
1067 1345 1151 1407 duos.

399 1431 515 1493 interea
538 1429 646 1500 studio,
671 1430 735 1491 lieri
758 1447 817 1512 quo
840 1430 953 1502 deleuit,
978 1450 1082 1494 omnes

442 1516 578 1580 Oiiiciurn
601 1517 703 1580 stratis
725 1516 877 1598 exequiale
901 1517 1021 1580 cinitoni.

390 1600 548 1674 ¹Quaedam
566 1621 635 1665 nero
651 1612 792 1674 crement,
811 1614 841 1668 ot
855 1603 999 1686 ‹ptruedanr
1015 1622 1142 1687 corpora
1158 1601 1303 1672 tuurlrant.
1318 1611 1369 1661 ute

441 1687 593 1751 Planoudo
616 1707 738 1770 campos
761 1690 795 1750 ad
821 1708 894 1752 rrora
919 1689 996 1752 bella
1019 1699 1135 1772 parant.

560 1915 563 1922 r
642 1869 704 1926 1110
722 1870 870 1927 Hucuon
886 1871 1126 1927 TUMULA'PUR.

399 1993 529 2056 lleclore
553 1991 668 2075 dejecto
691 1991 853 2054 lamentum
876 1993 983 2055 Troica
1008 1992 1102 2074 pubes

443 2079 480 2140 Et
502 2077 662 2158 planctum,
685 2077 776 2158 Troja
799 2079 928 2159 aliquia
953 2077 1056 2147 naua.
1080 2078 1166 2140 levat.

399 2167 475 2227 dnte
498 2166 579 2226 iores
601 2162 709 2242 Trojae
732 2181 839 2242 magno
862 2165 894 2224 lit
913 2162 1029 2226 honore
1051 2164 1254 2244 sepulchrum,

443 2249 499 2312 llio
522 2252 647 2312 nimium
671 2249 805 2311 laceruns
828 2249 956 2313 'l'eucria
979 2269 1089 2331 corpus
1112 2249 1223 2312 lurnrat.
1321 2257 1373 2308 ouo

400 2335 483 2398 More
505 2354 559 2397 suo
584 2334 716 2398 tumbam
740 2337 928 2399 circumdant
950 2336 1078 2398 funebre
1101 2335 1180 2398 todo.

444 2422 495 2483 Est
519 2421 580 2490 ulti,
604 2440 692 2501 quaem
716 2422 814 2482 timuit
836 2423 981 2482 maximus
1004 2421 1085 2482 oriris
1109 2421 1217 2481 truanni

643 2582 706 2639 flio
724 2583 943 2639 PALAMEDES
962 2583 1023 2639 FI'I'
1041 2583 1123 2638 REX.

400 2706 466 2768 Non
490 2716 587 2769 cessat
609 2706 706 2768 medio
728 2705 901 2770 Palamedes
924 2714 1067 2789 tempore,
1091 2725 1208 2769 causam

444 2791 637 2853 Praeteritam
662 2800 797 2864 renovat,
820 2791 994 2855 ambitiosus
1018 2802 1092 2858 erat.

401 2878 552 2939 Convocat
575 2877 622 2938 iric
645 2878 785 2958 populum
809 2895 900 2958 super
923 2881 1060 2960 imperio,
1085 2880 1250 2959 recitatque
1322 2885 1371 2936 585

446 2962 566 3042 imperil
590 2962 716 3044 cupidus
739 2963 837 3024 omnia
861 2962 938 3025 dicta
961 2965 1055 3043 prius.

401 3048 483 3109 lutor
505 3055 625 3110 rorrtosa
649 3048 746 3129 plebis
768 3049 907 3128 srrllragia
930 3067 1025 3110 corun

444 3131 580 3194 Arubitus
603 3136 691 3194 etiarn
715 3133 793 3195 ilarii
816 3135 844 3194 iu
869 3151 921 3196 ore
944 3133 1061 3195 (lucum.

469 3371 527 3422 1165.
546 3368 642 3421 melius
665 3369 700 3419 ob
723 3371 838 3419 metrum
863 3385 912 3435 pro
930 3369 1030 3421 Adicit.
1066 3371 1144 3420 lleee
1163 3373 1257 3420 nurral
1274 3369 1371 3435 Ilpito·

401 3443 497 3494 metor.
516 3453 542 3490 v.
563 3440 626 3490 1031
647 3451 705 3504 sqq.
775 3439 833 3488 out.
852 3437 964 3505 Margo:
983 3440 1079 3504 Pugno
1098 3439 1134 3504 xj.
1153 3437 1204 3490 Or.
1224 3438 1261 3503 11,
1283 3441 1331 3489 lut

588 3533 621 3562 -—,
640 3531 673 3541 -
691 3510 740 3556 erut
757 3507 875 3557 medium
894 3507 951 3558 sole
969 3512 1082 3558 tenente
1101 3507 1180 3560 diem.

400 3575 459 3628 1169.
479 3576 520 3628 10.
540 3572 590 3627 Or.
610 3573 662 3626 Ars
680 3575 737 3626 Am.
757 3576 779 3638 1,
796 3575 856 3626 tet.
877 3577 909 3627 112

520 3641 577 3709 sie,
595 3658 628 3694 ne
646 3643 805 3709 perdiderit,
825 3659 878 3695 aron
898 3649 991 3697 cesset
1009 3645 1124 3710 perdere
1143 3645 1231 3698 lusor:

554 3713 591 3763 Et
609 3716 722 3763 revocat
741 3712 855 3778 cupidas
875 3711 938 3764 eleo
958 3712 1062 3764 blenda
1080 3727 1185 3764 manus.

400 3781 459 3831 tite,
479 3781 584 3844 Margo.
620 3780 679 3830 Pex
701 3781 738 3830 ν’·
761 3779 875 3830 duorum
898 3796 1039 3832 annorum.
1064 3780 1112 3831 sed
1132 3795 1286 3848 perperam,
1309 3795 1372 3830 nem

400 3847 535 3898 mensium
553 3846 698 3912 legendum
718 3852 768 3898 esi.
838 3851 896 3900 otu.
917 3847 983 3900 Cod.
1000 3863 1093 3914 parpes.
1163 3849 1222 3900 oui.
1240 3848 1372 3913 mergiuir

400 3914 535 3968 scholion.
562 3916 648 3966 verbo
667 3915 833 3966 ambitionis.
