3368 4792
578 733 641 784 Lib.
660 733 681 782 1.
718 748 743 783 v.
765 734 907 785 les-223.
1192 730 1230 794 17

255 888 378 951 Addidit
401 898 431 950 et
453 887 564 951 vultum
589 887 699 958 verbis,
723 889 892 969 iterumque
915 890 1039 967 rogarit,
1236 953 1243 965 ‚

302 975 363 1036 iret
383 981 416 1034 ut
438 974 473 1035 ad
497 976 609 1054 patrios
632 983 715 1054 rapta
740 974 839 1053 puella
862 974 944 1035 deos.
1183 983 1231 1032 190

256 1059 433 1120 Auscultsns
457 1059 562 1120 Peleus
585 1058 748 1137 levipendit
770 1058 860 1120 rerba
883 1060 1042 1139 loquentis.

299 1143 337 1203 Et
359 1160 497 1204 sermone
521 1141 604 1204 brevi
628 1145 728 1222 coeplt
750 1150 779 1205 ct
802 1146 867 1222 ipse
889 1141 980 1220 loqui.

256 1226 332 1296 Quid
356 1245 448 1306 super
470 1226 626 1305 Hesponae
651 1244 729 1287 nunc
752 1226 920 1288 redditione
944 1225 1068 1296 solutae,

302 1311 381 1372 ilaec
405 1319 448 1373 est
472 1313 502 1372 in
527 1319 629 1372 nostro
653 1319 775 1391 pectore
797 1330 869 1373 curn
893 1314 1002 1372 minor.

258 1396 290 1457 ln
313 1399 439 1478 patriam
463 1406 577 1477 potere.
602 1406 778 1478 nostrasque
802 1398 973 1479 relinquere
996 1395 1092 1465 sodes,

302 1481 418 1553 llioere,
443 1481 521 1560 qnod
545 1484 634 1544 cessit
655 1483 712 1544 ista
736 1482 866 1563 querela.
891 1492 985 1561 potes.

260 1567 310 1629 list
333 1567 419 1630 tellus
442 1579 472 1631 et
494 1568 571 1630 rlieta
596 1569 707 1641 lloctia,
731 1589 808 1652 «qnae
831 1567 1008 1632 Salaminam

301 1656 455 1728 Continet3
477 1655 610 1718 Antenor
634 1655 709 1718 hano
733 1664 763 1718 et
785 1657 867 1719 adire
891 1658 997 1719 studet.

258 1740 312 1802 ilic
334 1740 507 1804 Telamonis
528 1748 592 1803 erat
615 1742 766 1819 habitatio,
791 1744 909 1825 quaerit
931 1743 1075 1814 eundem;

300 1827 433 1896 lnrenit;
457 1829 576 1890 invento
600 1831 643 1890 sic
666 1829 846 1906 querulosus
869 1831 924 1890 ait:

260 1913 284 1976 Ο
306 1914 465 1978 Telamon!
489 1934 559 1978 reor
583 1934 648 1978 esse
672 1917 762 1988 noles,
786 1916 866 1999 (quod
891 1915 948 1978 iilia
972 1917 1053 1996 regis

301 2001 363 2064 Hac
387 2002 471 2080 quasi
493 2005 607 2084 captiva
630 2003 799 2066 detineatur
822 2004 925 2068 humo.

260 2087 284 2150 0
306 2086 466 2150 Telamon!
490 2091 555 2168 regi
577 2088 732 2170 spoliatam
757 2089 848 2151 redde
872 2107 1016 2154 sororem,

304 2173 438 2235 dedecus
461 2173 517 2235 lroc
539 2175 667 2255 spolium
691 2174 881 2237 dissimulare
905 2177 1019 2236 ulricum

258 2257 285 2319 Ο
306 2257 462 2319 Telamon!
486 2261 562 2321 inste
585 2259 766 2321 reddendam
791 2260 883 2321 redde
906 2259 1045 2338 puellam,
1179 2269 1230 2320 205

301 2341 365 2404 Non
390 2351 435 2404 est
455 2346 565 2405 iniusta
589 2344 697 2425 praeda
723 2344 850 2407 tenenda
874 2342 937 2404 tibi.

259 2425 416 2505 Extemplo
439 2428 526 2490 miles
548 2429 704 2508 rospondit
725 2431 760 2489 ad
786 2429 864 2490 istud
889 2436 918 2489 et
940 2428 1018 2487 istis:

302 2510 390 2571 Esset
413 2511 447 2571 ad
472 2512 537 2582 hoc,
562 2533 579 2573 o
603 2515 662 2573 uir!
685 2512 846 2575 obticuisse
868 2512 974 2591 pudor.

258 2595 404 2657 Antenor!
428 2598 497 2676 qnia
520 2596 578 2658 ldie
602 2600 683 2676 regis
707 2597 833 2658 liabetur
857 2597 934 2674 apud
959 2616 1024 2667 nos,

302 2679 340 2740 Ut
362 2690 431 2758 pote
454 2684 593 2751 victores.
617 2701 676 2744 non
700 2701 770 2744 reor
791 2701 856 2744 esse
879 2682 971 2744 nolas.

256 2768 404 2827 Antenor!
427 2769 452 2827 si
476 2768 643 2829 dissimulet
665 2786 726 2838 res,
751 2786 845 2829 necne
869 2767 998 2848 puellam

301 2850 360 2913 Pro
382 2853 491 2913 virtute
515 2872 579 2914 rnen
603 2853 730 2914 reddere
754 2852 822 2914 nolo
846 2853 953 2912 datam.

258 2936 406 2999 Antenor!
429 2939 505 3000 iuste
529 2938 699 3019 praedatam
723 2938 834 3019 praedo
857 2937 986 3007 tenebit:

302 3023 376 3084 Tam
400 3022 477 3085 bona
502 3033 673 3086 constanter
697 3025 806 3105 praeda
830 3024 956 3085 tenenda
980 3023 1046 3083 luit.

260 3108 339 3188 Ergo
363 3108 443 3177 redi;
468 3110 589 3171 rediens
611 3110 648 3170 de
671 3109 782 3172 finibus
805 3128 880 3171 exue
904 3110 1033 3175 nostris;

303 3193 368 3256 Non
392 3192 482 3256 lralret
503 3197 651 3266 ellectmn,
676 3195 756 3276 qnod
779 3196 876 3274 geris:
900 3213 973 3274 ergo
997 3192 1070 3255 redi.

260 3280 382 3354 Quaerit
404 3279 555 3343 Pollucem
579 3300 646 3343 cnm
671 3281 807 3344 Castore:
831 3281 959 3362 (iainque
983 3286 1122 3360 precatur

304 3367 474 3451 llesyonem
499 3367 583 3430 reddi
608 3368 789 3447 proficiendo
813 3366 897 3429 nilril.

263 3453 299 3517 Ut
321 3464 404 3534 rnptn
429 3463 587 3525 taceamus,
612 3459 662 3526 ait,
687 3456 724 3516 do
747 3456 876 3536 virgiuum
901 3463 1002 3516 nostra

304 3541 419 3624 Oppida
441 3544 581 3624 fregistis,
605 3543 768 3624 diripuistis
790 3561 874 3624 opes,

261 3630 387 3692 Causam
411 3648 469 3692 non
493 3629 597 3692 lrabuit
619 3630 725 3710 inJuria
751 3639 841 3699 tanta,
865 3627 993 3710 puellam

304 3715 439 3786 Reddite,
462 3735 514 3778 rex
538 3715 664 3794 reliqua,
688 3719 747 3777 sint
769 3716 853 3794 quasi
879 3713 970 3784 nulla,
994 3712 1070 3774 silet.

261 3802 274 3862 l
296 3803 411 3882 procul,
435 3798 455 3870 i,
479 3801 599 3870 dicrrnt;
623 3820 681 3861 non
706 3810 751 3860 est
774 3800 826 3860 tilri
850 3799 919 3858 ntia
946 3799 1028 3865 tanti,

261 3937 464 3946 -—--—---—

329 4005 390 4057 mr.
408 4004 476 4055 Alsa.
496 4018 639 4069 perperam
658 4004 791 4066 Nestore,
817 4017 898 4068 quum
918 4001 1043 4051 Antenor
1061 4017 1086 4055 v.
1104 4001 1155 4051 233
1173 4014 1234 4066 sqq.

262 4071 407 4123 Nestorem
427 4071 597 4139 aggreditur.
635 4073 725 4123 Dares
744 4076 820 4122 recte
840 4070 924 4121 habet
943 4067 1050 4119 Castor.

313 4161 405 4204 Troilus.
1012 4155 1028 4203 2
