3426 4786
436 715 526 772 VITA
544 714 795 772 wmmauoum
812 715 986 776 mnemon.
1022 718 1090 782 LIB.
1110 719 1145 781 ΙΙ.
1241 722 1281 790 37

260 891 299 933 sae
313 870 415 955 Vasa,
438 872 551 972 dapes,
573 875 693 957 vestes,
716 894 819 959 penus
841 895 937 942 omne
958 875 1085 963 redegit
1106 876 1141 942 in
1162 876 1265 965 ignes,

314 957 458 1024 Abstulit
478 956 636 1024 rnfantem
658 959 771 1025 metris
794 959 918 1046 gremio
940 960 1166 1046 recubantem,

313 1041 467 1110 Flammis
488 1044 638 1128 essisset,
661 1045 727 1110 nisi
750 1067 783 1110 se
806 1047 899 1130 peter
919 1046 1124 1132 opposuisset

312 1127 556 1215 Proiectumque
578 1131 644 1196 suis
668 1129 751 1196 celer
773 1131 952 1216 excepisset
973 1131 1007 1197 in
1030 1133 1127 1198 ulnis.

312 1212 403 1279 Nulli
425 1235 555 1280 securos
577 1214 671 1281 licuit
692 1237 897 1300 praesumere
919 1238 1071 1300 somnos,

260 1317 299 1358 evo
313 1299 463 1386 Angelus
486 1301 592 1366 omnis
615 1299 714 1367 habet
734 1301 820 1387 quod
843 1301 940 1368 corda
960 1302 1133 1369 trementia
1154 1305 1263 1368 terret.

311 1383 356 1451 Et
376 1406 458 1470 quse
481 1385 530 1451 via
552 1385 749 1452 invisibilem
772 1386 948 1472 depelleret
968 1387 1119 1455 hostem?

313 1471 461 1537 inclusus
482 1493 549 1537 non
572 1471 698 1538 excludi
720 1473 828 1557 potuit
848 1494 953 1559 neque
975 1473 1072 1539 trudi.

313 1554 442 1622 Profuit
461 1556 515 1622 hic
536 1556 663 1622 modice
683 1556 738 1622 vix
760 1558 957 1625 exorcismus
979 1558 1015 1625 in
1036 1559 1139 1643 hora,-

313 1639 453 1706 Phasme
496 1663 588 1706 erum
611 1642 722 1726 cessit,
744 1663 813 1708 non
835 1642 965 1743 longius
987 1643 1063 1709 inde
1085 1643 1234 1728 recessit,

260 1742 299 1784 res
312 1724 412 1792 irruit
431 1663 596 1791 inldnsum
617 1727 709 1812 qussi
731 1748 765 1792 es
786 1726 949 1793 crudebua
971 1729 1092 1814 ultum,

311 1808 388 1876 Plus
410 1810 578 1889 insanivit,
601 1810 684 1877 nibil
706 1811 774 1877 illio
796 1833 900 1897 psene
922 1813 1071 1897 reliquit,

310 1894 349 1961 ln
371 1894 460 1962 luctu
483 1896 584 1963 iecuit
605 1897 735 1980 domus,
759 1897 836 1964 hinc
859 1899 979 1964 vicinia
1001 1897 1096 1985 sugit.

311 1979 374 2048 Sed
395 1981 527 2049 tandem
551 1983 659 2048 miseri
682 1984 773 2049 venit
794 1987 921 2084 tempus
943 1973 1130 2051 miserandis

312 2065 352 2132 In
374 2067 474 2134 cladis
496 2073 609 2135 tontes
631 2068 729 2134 rediit
750 2071 927 2135 terrorrbus
950 2071 985 2135 in
1008 2091 1060 2152 sc,

260 2170 300 2212 eoo
313 2151 480 2218 Virtutum
502 2155 667 2239 meminit,
690 2175 770 2239 ques
793 2153 961 2220 Wilbrord
986 2153 1188 2236 nobilitavit,

313 2235 405 2302 Intra
425 2259 460 2303 se
481 2239 586 2302 rixam
607 2260 666 2323 pro
688 2260 722 2303 ae
746 2240 896 2336 concepit
917 2239 1069 2320 stiram,

313 2324 422 2407 Aeger
443 2321 584 2388 vicinam
607 2323 690 2408 quod
714 2321 877 2387 distulerrt
897 2321 1106 2405 medicinam,

314 2405 424 2471 Poena
445 2407 489 2472 sit
510 2405 581 2471 dire
604 2412 708 2473 tortus
731 2407 851 2472 virtute
874 2407 1068 2492 propinqua.

313 2489 432 2556 Evolat
453 2491 654 2575 accelerans,
678 2489 813 2576 pedibus
836 2491 933 2557 timor
957 2491 1072 2576 alligat
1093 2490 1178 2571 elas,

264 2574 432 2660 eosvenit,
454 2577 631 2662 prostravit
652 2598 703 2660 se,
726 2575 854 2642 fletibus
876 2597 933 2642 ora
954 2575 1092 2663 rigavit,

316 2660 431 2748 Syrma
454 2669 467 2727 t
527 2663 638 2730 oedioe
660 2661 789 2751 pendit,
813 2685 910 2750 quum
933 2661 1072 2750 pertulit
1094 2661 1128 2728 in
1152 2683 1204 2743 se,

315 2749 426 2816 Poscit
447 2684 583 2816 00ᾛοιο
606 2751 714 2817 domni
736 2750 917 2851 plagaeque
939 2749 1107 2816 medelem.

314 2834 386 2903 Neo
407 2859 467 2903 sue
489 2837 574 2903 dono
596 2841 696 2927 neget
718 2837 848 2924 pretatis
870 2837 962 2916 fons,
985 2836 1040 2903 sed
1063 2834 1214 2920 inundet,

316 2922 479 2990 Haustum
500 2924 601 2991 trudit
621 2947 724 3011 equae
745 2924 806 2990 sibi
829 2945 888 3010 per
904 2945 940 2989 se
954 2922 1185 3003 sanctificatae,
1207 2926 1230 2984 l.
1243 2931 1290 2982 '18¹

265 3027 306 3068 uo
320 3007 384 3075 Ore
405 3009 590 3094 prophetali
612 3010 732 3095 retegit
754 3012 878 3075 secreta
899 3009 1015 3074 luturi:

317 3093 406 3159 ‘Non
428 3095 631 3160 contristeris
670 3117 737 3159 non
761 3115 875 3178 exspes
897 3097 1007 3158 mente
1053 3091 1184 3156 reveris.

314 3177 376 3242 Est
397 3177 510 3243 domus
533 3178 613 3244 heec
634 3144 705 3243 lliti
729 3179 823 3257 deta,
846 3182 916 3243 tots
936 3198 1043 3242 creme
1066 3176 1134 3240 itur
1155 3172 1235 3260 igni.

315 3261 475 3327 Iudicium
497 3263 620 3328 domini
643 3264 743 3327 lixum
767 3262 881 3347 nequit
903 3283 976 3326 esse
998 3261 1150 3342 relisum,

317 3345 379 3413 Sed
401 3368 622 3432 quaecumque
637 3349 746 3432 potes,
771 3347 863 3432 prius
878 3345 1030 3427 extrahe,
1053 3343 1184 3430 longius
1200 3338 1293 3424 abde,

263 3453 303 3493 cu
317 3432 438 3498 Audito
459 3432 620 3499 salvificos
642 3453 793 3518 resperge
815 3431 998 3518 liquoribus
1021 3427 1143 3511 undae,

318 3517 375 3586 su
397 3541 492 3586 cruce
514 3519 678 3607 signatus,
704 3523 762 3585 tus
783 3519 906 3605 respice
928 3517 1048 3583 demna
1070 3517 1188 3582 reatus.

388 3712 438 3763 ott
456 3706 621 3776 predamG
691 3713 740 3763 008
764 3705 983 3776 excaepissetG
1021 3774 1025 3784 Ι
1053 3709 1104 3760 080
1125 3714 1291 3779 presumere

322 3775 380 3830 GT
464 3781 515 3831 003
533 3791 711 3843 exercyamua
730 3773 788 3828 GT
873 3781 922 3828 004
941 3773 1043 3827 ceaesrt
1064 3767 1250 3850 -'receessrt
1268 3767 1295 3821 G

320 3848 370 3897 000
388 3859 463 3912 pene
483 3842 543 3897 GT
618 3848 669 3896 000
686 3857 756 3911 quos
776 3841 836 3895 GT
908 3846 957 3895 em
977 3837 1126 3908 concoeptt
1144 3836 1170 3890 0
1243 3838 1293 3888 000

319 3909 394 3983 Eger
414 3908 476 3990 G?-
558 3915 608 3966 000
626 3907 767 3965 Paenell
802 3907 926 3964 PenaT
1005 3911 1055 3964 000
1073 3901 1220 3976 tragediae
1239 3899 1297 3956 GT

321 3983 371 4104 git
390 3977 572 4103 ΙιιάιοὸιῗΤ
673 3982 723 4033 014
740 3976 975 4048 quaecunqucT
1076 3978 1126 4029 mc
1143 3967 1297 4043 Sta11taT

341 4064 445 4120 empne
