3426 4786
424 703 467 770 34
809 697 1000 756 emortum

372 875 412 917 400
426 855 519 924 Ultio
542 855 702 942 desecuit,
724 855 808 922 redit
829 875 944 942 eeger,
965 856 1081 940 poeuls
1103 855 1224 940 poscit,

427 943 490 1010 Vix
513 943 694 1044 expectavit
715 941 920 1029 spatiumque
943 961 1051 1006 morae
1075 940 1181 1007 brevis
1203 941 1282 1006 odit.

426 1030 582 1097 Admovit
602 1033 747 1129 pateram
770 1028 869 1094 lebris
891 1027 1037 1114 plenam,
1061 1027 1253 1114 spetiosum,

426 1115 488 1183 Sed
510 1137 577 1182 non
600 1115 730 1181 rntluxit
750 1115 817 1180 vini
840 1114 963 1199 liquor,
986 1113 1085 1179 immo
1107 1113 1247 1179 refluxit.

426 1201 472 1268 Os
493 1204 601 1267 totum
622 1201 749 1285 mersit,
771 1199 817 1265 nil
841 1199 977 1285 profuit,
1001 1199 1095 1264 ardor
1116 1197 1257 1282 adussit,

373 1305 413 1346 ceo
426 1285 518 1372 Ignis
540 1285 620 1352 edax
643 1286 745 1351 tacita
766 1282 934 1350 succendit
957 1283 1081 1349 viscera
1102 1282 1243 1369 flamme,

425 1371 586 1438 Exhausit
607 1391 719 1436 sucum
743 1370 864 1436 circum
887 1369 1000 1434 vitalia
1022 1368 1139 1436 fusum.

427 1457 571 1524 Cauduit
591 1455 735 1522 insieco
756 1461 946 1541 turgescens
967 1453 1081 1540 lingue
1101 1453 1227 1539 peleto,

427 1541 504 1608 Non
527 1539 625 1608 sudor
647 1541 760 1607 solitus
782 1541 920 1606 lassatos
942 1543 1053 1605 menet
1074 1541 1107 1604 in
1131 1543 1240 1623 ertus,

429 1631 534 1693 Arent
556 1630 690 1692 exustae
712 1627 831 1692 siccate
851 1648 910 1724 per
931 1646 1004 1690 ossa
1025 1621 1201 1691 medullae:

374 1731 413 1772 ree
427 1713 545 1780 Missus
567 1712 601 1776 in
624 1732 783 1777 ocaenum
804 1711 877 1775 sites
898 1709 979 1774 haut
1000 1708 1089 1773 extin
1138 1713 1206 1773 eret
1228 1712 1363 1774 aestum.

426 1795 502 1861 Non
524 1816 558 1859 se
581 1795 726 1859 divinum
749 1794 852 1859 eredit
872 1793 987 1877 punire
1008 1791 1093 1877 flege
1106 1791 1192 1870 lum,

427 1877 489 1944 Sed
505 1881 602 1942 voest
613 1877 832 1962 Archigenen,
849 1875 1028 1941 medicinae
1043 1876 1189 1961 postulet
1198 1880 1311 1959 ertem,
1323 1883 1343 1938 f.
1351 1889 1398 1938 'le'

427 1961 571 2026 Maxime
592 1961 676 2027 dona
697 1959 800 2044 dedit,
821 1959 925 2026 multo
948 1961 1070 2024 maiore
1092 1959 1284 2045 spopondit,

427 2047 568 2112 Summis
590 2046 740 2131 expensis
762 2045 842 2111 emit
863 2045 1009 2110 fomenta
1031 2042 1167 2110 doloris:

374 2149 414 2192 sm
430 2130 548 2198 Caesus
570 2131 690 2197 deiecit
710 2131 803 2197 labor
825 2133 859 2195 et
880 2129 973 2197 dolor
995 2133 1109 2195 auctus
1131 2129 1280 2196 inhaesit.

429 2216 575 2284 Tandem
598 2216 754 2302 defessus,
776 2217 868 2282 nullo
890 2215 1101 2282 medicamine
1123 2215 1242 2302 fretus,

430 2302 533 2382 Quem
556 2305 818 2391 contempsisset,
843 2303 1003 2382 urerninit,
1028 2325 1122 2390 quem
1147 2305 1176 2370 vi
1200 2301 1385 2390 pepulisset.

428 2391 611 2476 Paenituit;
633 2391 740 2470 fleret,
763 2391 791 2457 si
814 2390 909 2457 fletus
931 2412 1015 2456 vene
1038 2391 1172 2476 vigeret.

429 2478 606 2544 Absentem
630 2477 772 2563 quaerit,
796 2499 893 2563 quem
914 2480 1027 2542 torvus
1050 2477 1139 2542 abire
1161 2478 1283 2564 coegit,

375 2581 414 2624 sos
429 2561 464 2631 Si
486 2563 599 2630 forsan
621 2563 746 2647 redeat,
768 2584 827 2650 per
848 2583 964 2650 gyrum
988 2564 1130 2649 compita
1152 2568 1267 2630 servet.

427 2648 630 2736 Supplicium
653 2653 781 2715 tentum
803 2649 987 2716 revolutum
1009 2648 1105 2715 durat
1125 2649 1158 2716 in
1182 2671 1320 2733 annum,

430 2735 510 2803 Cum
534 2735 660 2801 demum
684 2735 795 2816 rediit,
819 2757 883 2821 quo
905 2736 1034 2800 vindice
1056 2735 1164 2820 passio
1186 2738 1299 2820 coepit

428 2820 490 2886 Est
511 2842 585 2886 reus
608 2819 763 2886 adductus
785 2822 886 2886 meoie
910 2820 1092 2902 coniectus,
1114 2821 1263 2904 adustus,

427 2907 500 2972 Irae
521 2907 587 2971 vinu
610 2907 772 2991 queritur,
792 2927 826 2971 se
849 2905 1023 2992 deliquisse
1046 2906 1181 2990 fatetur,

375 3009 415 3050 ⁵10
428 2991 584 3077 Deposoit
606 2993 751 3078 renium,
773 2995 867 3057 tanta
888 3013 947 3077 pro
968 2996 1060 3077 peste
1081 2991 1249 3058 medelam.

427 3076 495 3143 Nee
518 3098 610 3144 mens
633 3075 810 3144 Clementis
832 3078 950 3144 eleusit
970 3079 1093 3144 iontem
1116 3077 1264 3162 pietatis,

427 3161 572 3229 Nomine
594 3163 780 3248 significans
803 3185 871 3228 rem
893 3163 996 3249 gessit
1016 3163 1251 3248 significatam,

429 3245 592 3312 Olementi
613 3268 750 3330 poenam
772 3247 935 3330 probitate
957 3248 1110 3329 repressit
1131 3252 1164 3310 et
1185 3249 1281 3324 iram,

428 3329 478 3392 Ex
500 3329 630 3425 proprio
650 3329 768 3412 cyatho
790 3333 945 3393 temetum
968 3329 1099 3392 miscuit
1119 3349 1226 3413 aegro.

375 3429 415 3468 ⁶¹⁵
428 3410 515 3477 ‘Non
537 3412 624 3476 brbe’
648 3412 829 3496 demuevit,
852 3413 949 3477 ‘bibe’
973 3412 1160 3476 demnatum
1183 3411 1355 3495 reperavit.

427 3494 575 3561 Moribus
598 3500 674 3561 ente
696 3495 809 3580 lupum
832 3501 1037 3562 mansuetum
1060 3495 1159 3560 vertit
1179 3495 1216 3559 in
1237 3515 1376 3581 agnum,

427 3577 625 3646 Incolumem
648 3579 720 3645 lidie
742 3580 941 3666 hilaremque
962 3580 1088 3646 remisit
1113 3580 1234 3646 emiois.

495 3750 723 3832 4060167607
755 3752 908 3809 desevitT
966 3758 1017 3810 406
1035 3752 1219 3823 spaciumque
1238 3751 1297 3808 GT
1349 3757 1399 3808 407

343 3831 346 3838 ·
427 3837 583 3902 spaciosam
604 3820 662 3877 GT
719 3827 771 3878 406
788 3821 864 3902 leand
885 3821 912 3877 Τ
969 3828 1019 3877 407
1038 3821 1218 3902 srehygeuen
1232 3821 1291 3877 GT
1349 3827 1400 3876 600

426 3891 531 3946 mhesrt
549 3889 607 3945 (ΞΤ
673 3897 723 3946 600
742 3891 868 3946 Penrtuit
886 3891 913 3947 T
984 3896 1034 3946 607
1053 3894 1149 3971 oeeprt
1169 3889 1196 3944 G
1264 3895 1314 3945 610
1332 3904 1399 3959 pss-

427 3957 789 4096 pppshphmpppoeegpsq'd
865 3967 915 4016 676
933 3959 1100 4029 dempserit
1117 3987 1151 3998 —
1170 3957 1353 4027 dampnatum
1374 3956 1400 4013 0
