3372 4788
586 797 650 849 99.
669 797 701 848 v.
736 813 761 850 v.
781 799 926 851 ess-eea.
1115 865 1118 872 ,
1184 797 1245 864 163

275 952 362 1022 tuli,
385 970 438 1013 rex
460 953 561 1014 lertisl
584 970 652 1014 ero:
675 970 736 1014 nen
759 970 812 1013 ere
835 952 958 1022 diserto,
1198 964 1249 1014 999

321 1039 358 1097 rt
379 1045 478 1097 tamam
502 1045 548 1097 est
570 1039 688 1098 animus
710 1037 801 1097 eslere
825 1054 917 1116 pauca
940 1037 1022 1099 milri.

277 1119 343 1183 Non
364 1119 462 1182 benus
484 1129 530 1182 999
552 1121 633 1190 civis,
657 1122 710 1200 qui
732 1124 866 1201 praelert
888 1118 1003 1183 ciuibus
1026 1121 1151 1192 bostem,

319 1203 371 1265 Vel
395 1204 445 1284 qui
469 1205 533 1266 cire
555 1205 650 1282 magis
672 1213 801 1286 occupat
822 1204 908 1267 lreste
932 1203 1040 1279 larem;

279 1288 335 1359 Qul
358 1290 442 1367 spuit
463 1290 494 1349 in
510 1291 673 1369 propriam,
696 1289 807 1368 prebra
823 1290 939 1370 spargit
953 1290 1084 1370 prepria,
1108 1287 1249 1359 barbam;

320 1372 443 1442 Nilum,
467 1392 526 1455 que
548 1372 674 1444 residet,
698 1372 817 1435 serdille
840 1373 941 1435 lesrlat
963 1374 1034 1434 aris.
1199 1383 1250 1434 990

279 1459 379 1538 Turpe
402 1457 604 1520 rudimentum
628 1461 744 1540 patriae
766 1477 937 1540 proponere
960 1459 1106 1522 Graecum
1227 1481 1229 1488 ’

320 1544 357 1606 Et
378 1562 497 1608 serrum
519 1546 585 1608 vitii
607 1555 713 1623 peetus
734 1544 848 1608 babere
870 1559 966 1608 suum.

277 1629 419 1693 Cernitur
441 1631 576 1692 Antenor
597 1628 695 1708 longis
717 1628 893 1710 ambagibus
915 1649 988 1694 naus

321 1716 429 1777 Tolum
452 1733 592 1778 sermone
614 1715 780 1777 detinuisse
802 1715 891 1778 diem.

278 1799 384 1861 Deficit
405 1799 532 1870 auditur.
556 1817 616 1861 nen
639 1800 739 1862 delicit
759 1801 825 1881 lpse
847 1800 1011 1881 lequenrle:
1199 1811 1251 1861 949

319 1884 395 1947 Sunt
416 1884 475 1947 sibi
498 1886 548 1966 qul
570 1883 632 1948 sela
655 1883 831 1966 garrulitate
852 1882 980 1967 placent.

279 1971 438 2054 Postquam
457 1971 557 2052 picesa
581 1969 742 2035 verberum
765 1973 883 2052 gurgite
904 1969 1005 2052 lingua

321 2057 464 2130 lilllultat,
489 2067 584 2120 tetum
607 2059 710 2122 scibile
732 2061 811 2121 scire
832 2065 926 2140 putat.
1144 2139 1145 2142 Ἴ

278 2144 384 2207 Serme
406 2143 494 2207 datur
516 2145 627 2216 multis,
650 2145 740 2208 animi
763 2145 908 2226 sapientie
932 2145 1044 2227 paucis,

321 2230 426 2294 lleuue
448 2231 506 2294 lull
528 2229 646 2293 brevior
668 2251 756 2313 quarn
779 2251 832 2294 sua
854 2229 945 2293 rerba
968 2231 1051 2294 ‹liesl
1200 2241 1251 2292 999

279 2317 450 2398 Speraram,
474 2315 553 2398 qued
577 2336 632 2398 pro
655 2320 751 2399 patria
775 2316 937 2399 placitaret
959 2327 990 2379 99
1011 2317 1095 2391 urbe.

321 2405 357 2464 lit
378 2420 447 2482 spes
469 2408 601 2482 optatum
625 2421 685 2465 non
708 2402 776 2465 tulit
798 2401 847 2465 illa
870 2404 997 2465 lucrum.

280 2485 400 2548 Civibus
422 2485 504 2550 illins
526 2493 614 2548 rrecst
636 2486 784 2568 allegatio,
807 2489 932 2566 prodest

320 2567 479 2642 nosulae
503 2578 549 2632 est
570 2587 663 2631 unum
687 2573 760 2632 ciris
782 2578 812 2632 et
834 2571 929 2633 hostis
951 2574 988 2631 ei.
1160 2603 1175 2642 a

279 2653 318 2715 Ut
339 2653 448 2733 probra
472 2672 633 2733 recensemus
656 2653 766 2717 Danais
788 2663 818 2717 et
840 2655 946 2716 alanum
970 2655 1097 2726 luemus,
1200 2665 1250 2714 999

321 2739 476 2802 l'raerlicat
497 2747 527 2802 et
549 2740 701 2820 populum,
726 2742 777 2820 qut
800 2738 859 2802 sibi
883 2738 995 2812 crerlal,
1019 2739 1120 2804 babet.

279 2823 316 2884 lit
337 2821 421 2902 plebs
442 2824 522 2886 illins
545 2825 634 2887 ‹lictls
656 2826 805 2886 censentit
826 2836 857 2886 99
879 2833 982 2887 errant

322 2908 526 2991 Erreremque
548 2927 646 2980 sunm.
670 2929 731 2990 que
754 2916 903 2982 tueantur,
926 2908 1053 2980 babent:

280 2995 457 3058 Consuantas
479 2993 674 3075 querelantur
697 3013 777 3076 opes,
801 2994 1006 3077 populumque
1028 2996 1186 3065 minutum,

323 3078 450 3142 llraelria
473 3078 561 3150 lessa,
585 3081 629 3141 rel
651 3080 759 3151 taedia,
782 3087 872 3159 teque
893 3098 1008 3141 senem.
1200 3088 1252 3139 999

280 3163 345 3224 llen
368 3170 414 3225 est
435 3163 545 3242 regalis
567 3163 709 3226 exhausta
733 3164 874 3244 petentia,
897 3161 1020 3244 grandis

322 3246 425 3310 llestat
447 3248 545 3311 adbuc
566 3247 697 3331 populis,
718 3251 898 3312 strenuitate
919 3254 1035 3331 petens.

281 3334 359 3409 Ouid
383 3333 485 3406 reteri,
508 3338 533 3397 si
557 3335 723 3416 degeneres
745 3336 775 3397 ln
800 3333 895 3397 taedia
918 3335 1005 3398 vertit

322 3420 396 3487 belli
418 3440 485 3486 sens
508 3423 594 3486 annis
616 3423 788 3486 centinuate
811 3421 925 3485 decem.

348 3697 628 3754 997.119991,Α999.
648 3715 674 3764 p.
692 3701 742 3751 919
759 3698 809 3753 lin:
829 3702 850 3749 l.
926 3699 985 3750 919.
1003 3698 1046 3751 49.
1066 3695 1252 3765 (Maximian.)

278 3767 301 3831 1,
319 3769 376 3822 909.
387 3769 413 3829 4,
424 3766 576 3817 secandum
589 3781 699 3818 versiam
713 3773 805 3818 999999
819 3766 932 3817 Maxim.
945 3770 1040 3817 noster
1055 3766 1182 3818 imitatus
1194 3771 1252 3818 esta

512 3860 535 3910 Ο
555 3857 615 3908 acle
633 3859 718 3908 lentes
736 3858 903 3923 garrulitate
921 3873 1011 3910 99999.

349 3951 408 4004 919.
427 3949 526 4002 Oeten.
545 3949 651 4014 911991,
670 3951 709 4001 10.
728 3964 749 4001 9.
770 3948 797 4003 tl.
817 3949 938 4011 eunctis,
960 3966 984 4006 9.
1004 3966 1025 4000 9.
1043 3966 1069 4014 p.

348 4037 407 4090 958.
422 4033 505 4088 γ09191.
522 4034 601 4088 rest.
619 4035 642 4099 1,
658 4036 691 4086 39

456 4121 640 4186 Erraremqne
658 4134 744 4184 sunm,
764 4135 818 4185 qno
837 4124 956 4185 tueatur,
975 4120 1069 4170 habet.

995 4208 1005 4253 1
1015 4201 1046 4252 l*
