<?xml version="1.0" encoding="UTF-8"?>
<!DOCTYPE html PUBLIC "-//W3C//DTD XHTML 1.0 Transitional//EN"
    "http://www.w3.org/TR/xhtml1/DTD/xhtml1-transitional.dtd">
<html xmlns="http://www.w3.org/1999/xhtml" xml:lang="en" lang="en">
 <head>
  <title>
</title>
<meta http-equiv="Content-Type" content="text/html;charset=utf-8" />
  <meta name='ocr-system' content='tesseract 3.04.00' />
  <meta name='ocr-capabilities' content='ocr_page ocr_carea ocr_par ocr_line ocrx_word'/>
</head>
<body>
  <div class='ocr_page' id='page_1' title='image "./troilusalbertis01albegoog_0048.png"; bbox 0 0 3368 4792; ppageno 0'>
   <div class='ocr_carea' id='block_1_1' title="bbox 577 688 909 742">
    <p class='ocr_par' dir='ltr' id='par_1_1' title="bbox 577 688 909 742">
     <span class='ocr_line' id='line_1_1' title="bbox 577 688 909 742; baseline 0 -2"><span class='ocrx_word' id='word_1_1' title='bbox 577 688 640 742; x_wconf 89' lang='lat' dir='ltr'><strong>Lib.</strong></span> <span class='ocrx_word' id='word_1_2' title='bbox 658 688 680 740; x_wconf 85' lang='lat'><strong>1.</strong></span> <span class='ocrx_word' id='word_1_3' title='bbox 718 703 743 740; x_wconf 82' lang='lat' dir='ltr'><strong>r.</strong></span> <span class='ocrx_word' id='word_1_4' title='bbox 763 689 909 740; x_wconf 77' lang='lat' dir='ltr'><strong>aot—288.</strong></span> 
     </span>
    </p>
   </div>
   <div class='ocr_carea' id='block_1_2' title="bbox 455 871 1003 929">
    <p class='ocr_par' dir='ltr' id='par_1_2' title="bbox 455 871 1003 929">
     <span class='ocr_line' id='line_1_2' title="bbox 455 871 1003 929; baseline 0 -1"><span class='ocrx_word' id='word_1_5' title='bbox 455 872 632 929; x_wconf 73' lang='lat' dir='ltr'><strong>tutunus</strong></span> <span class='ocrx_word' id='word_1_6' title='bbox 648 872 762 928; x_wconf 74' lang='lat' dir='ltr'><strong>uuum</strong></span> <span class='ocrx_word' id='word_1_7' title='bbox 779 873 831 929; x_wconf 82' lang='lat' dir='ltr'><strong>AD</strong></span> <span class='ocrx_word' id='word_1_8' title='bbox 850 871 1003 929; x_wconf 72' lang='lat' dir='ltr'><strong>retortu.</strong></span> 
     </span>
    </p>
   </div>
   <div class='ocr_carea' id='block_1_3' title="bbox 249 978 1110 1576">
    <p class='ocr_par' dir='ltr' id='par_1_3' title="bbox 249 978 1110 1576">
     <span class='ocr_line' id='line_1_3' title="bbox 250 978 1011 1060; baseline -0.003 -16"><span class='ocrx_word' id='word_1_9' title='bbox 250 985 380 1045; x_wconf 76' lang='lat' dir='ltr'><strong>Antenor</strong></span> <span class='ocrx_word' id='word_1_10' title='bbox 403 981 468 1043; x_wconf 91' lang='lat' dir='ltr'><strong>slno</strong></span> <span class='ocrx_word' id='word_1_11' title='bbox 491 980 577 1060; x_wconf 80' lang='lat' dir='ltr'><strong>fruge</strong></span> <span class='ocrx_word' id='word_1_12' title='bbox 601 978 704 1042; x_wconf 84' lang='lat' dir='ltr'><strong>ridens</strong></span> <span class='ocrx_word' id='word_1_13' title='bbox 727 998 760 1042; x_wconf 92' lang='lat' dir='ltr'><strong>se</strong></span> <span class='ocrx_word' id='word_1_14' title='bbox 783 983 898 1043; x_wconf 86' lang='lat' dir='ltr'><strong>semina</strong></span> <span class='ocrx_word' id='word_1_15' title='bbox 921 981 1011 1052; x_wconf 80' lang='lat' dir='ltr'><strong>serre,</strong></span> 
     </span>
     <span class='ocr_line' id='line_1_4' title="bbox 289 1064 964 1147; baseline -0.006 -17"><span class='ocrx_word' id='word_1_16' title='bbox 289 1068 381 1130; x_wconf 84' lang='lat' dir='ltr'><strong>Ocius</strong></span> <span class='ocrx_word' id='word_1_17' title='bbox 404 1064 440 1129; x_wconf 88' lang='lat' dir='ltr'><strong>ad</strong></span> <span class='ocrx_word' id='word_1_18' title='bbox 463 1066 609 1147; x_wconf 79' lang='lat' dir='ltr'><strong>Phrygios</strong></span> <span class='ocrx_word' id='word_1_19' title='bbox 632 1065 696 1126; x_wconf 87' lang='lat' dir='ltr'><strong>vela</strong></span> <span class='ocrx_word' id='word_1_20' title='bbox 720 1065 840 1128; x_wconf 84' lang='lat' dir='ltr'><strong>rellexit</strong></span> <span class='ocrx_word' id='word_1_21' title='bbox 861 1083 964 1146; x_wconf 80' lang='lat' dir='ltr'><strong>egros:</strong></span> 
     </span>
     <span class='ocr_line' id='line_1_5' title="bbox 251 1149 1012 1232; baseline -0.005 -16"><span class='ocrx_word' id='word_1_22' title='bbox 251 1153 375 1216; x_wconf 79' lang='lat' dir='ltr'><strong>Enarrat</strong></span> <span class='ocrx_word' id='word_1_23' title='bbox 397 1152 525 1222; x_wconf 86' lang='lat' dir='ltr'><strong>Priamo,</strong></span> <span class='ocrx_word' id='word_1_24' title='bbox 548 1149 620 1232; x_wconf 84' lang='lat' dir='ltr'><strong>quid</strong></span> <span class='ocrx_word' id='word_1_25' title='bbox 643 1150 753 1212; x_wconf 78' lang='lat' dir='ltr'>dixerit</span> <span class='ocrx_word' id='word_1_26' title='bbox 775 1151 835 1223; x_wconf 87' lang='lat' dir='ltr'><strong>ille,</strong></span> <span class='ocrx_word' id='word_1_27' title='bbox 860 1152 929 1230; x_wconf 84' lang='lat' dir='ltr'><strong>quid</strong></span> <span class='ocrx_word' id='word_1_28' title='bbox 953 1150 1012 1223; x_wconf 88' lang='lat' dir='ltr'><strong>ille,</strong></span> 
     </span>
     <span class='ocr_line' id='line_1_6' title="bbox 289 1235 983 1318; baseline 0.003 -20"><span class='ocrx_word' id='word_1_29' title='bbox 289 1237 435 1318; x_wconf 82' lang='lat' dir='ltr'><strong>Quodque</strong></span> <span class='ocrx_word' id='word_1_30' title='bbox 458 1236 541 1298; x_wconf 84' lang='lat' dir='ltr'><strong>dedit</strong></span> <span class='ocrx_word' id='word_1_31' title='bbox 562 1235 653 1298; x_wconf 87' lang='lat' dir='ltr'><strong>variis</strong></span> <span class='ocrx_word' id='word_1_32' title='bbox 675 1237 760 1298; x_wconf 90' lang='lat' dir='ltr'><strong>irrita</strong></span> <span class='ocrx_word' id='word_1_33' title='bbox 782 1235 850 1299; x_wconf 83' lang='lat' dir='ltr'><strong>vela</strong></span> <span class='ocrx_word' id='word_1_34' title='bbox 873 1235 983 1300; x_wconf 77' lang='lat' dir='ltr'><strong>nothis.</strong></span> 
     </span>
     <span class='ocr_line' id='line_1_7' title="bbox 249 1322 931 1402; baseline -0.003 -16"><span class='ocrx_word' id='word_1_35' title='bbox 249 1323 500 1393; x_wconf 65' lang='lat' dir='ltr'><strong>brunantun</strong></span> <span class='ocrx_word' id='word_1_36' title='bbox 524 1322 649 1402; x_wconf 76' lang='lat' dir='ltr'><strong>galeatis</strong></span> <span class='ocrx_word' id='word_1_37' title='bbox 673 1340 807 1402; x_wconf 73' lang='lat' dir='ltr'><strong>prorupere</strong></span> <span class='ocrx_word' id='word_1_38' title='bbox 831 1323 931 1386; x_wconf 81' lang='lat' dir='ltr'><strong>verbis</strong></span> 
     </span>
     <span class='ocr_line' id='line_1_8' title="bbox 292 1408 952 1472; baseline 0.002 -2"><span class='ocrx_word' id='word_1_39' title='bbox 292 1409 357 1471; x_wconf 87' lang='lat' dir='ltr'><strong>Non</strong></span> <span class='ocrx_word' id='word_1_40' title='bbox 382 1411 510 1470; x_wconf 87' lang='lat' dir='ltr'><strong>timuere</strong></span> <span class='ocrx_word' id='word_1_41' title='bbox 535 1415 602 1469; x_wconf 86' lang='lat' dir='ltr'><strong>tuos</strong></span> <span class='ocrx_word' id='word_1_42' title='bbox 625 1417 654 1468; x_wconf 86' lang='lat' dir='ltr'><strong>et</strong></span> <span class='ocrx_word' id='word_1_43' title='bbox 677 1408 832 1471; x_wconf 75' lang='lat' dir='ltr'><strong>terebrare</strong></span> <span class='ocrx_word' id='word_1_44' title='bbox 855 1411 952 1472; x_wconf 90' lang='lat' dir='ltr'><strong>minis.</strong></span> 
     </span>
     <span class='ocr_line' id='line_1_9' title="bbox 252 1493 1110 1576; baseline -0.002 -18"><span class='ocrx_word' id='word_1_45' title='bbox 252 1496 327 1568; x_wconf 83' lang='lat' dir='ltr'><strong>Quitl</strong></span> <span class='ocrx_word' id='word_1_46' title='bbox 352 1496 480 1558; x_wconf 87' lang='lat' dir='ltr'><strong>recitare</strong></span> <span class='ocrx_word' id='word_1_47' title='bbox 503 1493 601 1566; x_wconf 83' lang='lat' dir='ltr'><strong>velim,</strong></span> <span class='ocrx_word' id='word_1_48' title='bbox 625 1494 705 1572; x_wconf 64' lang='lat' dir='ltr'><strong>«ruod</strong></span> <span class='ocrx_word' id='word_1_49' title='bbox 728 1496 758 1556; x_wconf 91' lang='lat' dir='ltr'><strong>iu</strong></span> <span class='ocrx_word' id='word_1_50' title='bbox 781 1498 863 1558; x_wconf 91' lang='lat' dir='ltr'><strong>omni</strong></span> <span class='ocrx_word' id='word_1_51' title='bbox 886 1497 946 1558; x_wconf 91' lang='lat' dir='ltr'><strong>line</strong></span> <span class='ocrx_word' id='word_1_52' title='bbox 968 1493 1110 1576; x_wconf 79' lang='lat' dir='ltr'><strong>lontreutli</strong></span> 
     </span>
    </p>
   </div>
   <div class='ocr_carea' id='block_1_4' title="bbox 250 1579 1225 2858">
    <p class='ocr_par' dir='ltr' id='par_1_4' title="bbox 250 1579 1225 2858">
     <span class='ocr_line' id='line_1_10' title="bbox 291 1579 911 1660; baseline 0 -16"><span class='ocrx_word' id='word_1_53' title='bbox 291 1581 408 1644; x_wconf 78' lang='lat' dir='ltr'><strong>Acriter</strong></span> <span class='ocrx_word' id='word_1_54' title='bbox 430 1599 445 1642; x_wconf 94' lang='lat' dir='ltr'><strong>a</strong></span> <span class='ocrx_word' id='word_1_55' title='bbox 468 1579 584 1642; x_wconf 91' lang='lat' dir='ltr'><strong>loribus</strong></span> <span class='ocrx_word' id='word_1_56' title='bbox 607 1599 654 1641; x_wconf 91' lang='lat' dir='ltr'><strong>me</strong></span> <span class='ocrx_word' id='word_1_57' title='bbox 677 1581 817 1660; x_wconf 82' lang='lat' dir='ltr'><strong>repulere</strong></span> <span class='ocrx_word' id='word_1_58' title='bbox 838 1580 911 1644; x_wconf 91' lang='lat' dir='ltr'><strong>suis.</strong></span> 
     </span>
     <span class='ocr_line' id='line_1_11' title="bbox 250 1665 1221 1745; baseline -0.006 -15"><span class='ocrx_word' id='word_1_59' title='bbox 250 1667 358 1730; x_wconf 86' lang='lat' dir='ltr'><strong>Ulcisci</strong></span> <span class='ocrx_word' id='word_1_60' title='bbox 382 1675 464 1729; x_wconf 87' lang='lat' dir='ltr'><strong>corte</strong></span> <span class='ocrx_word' id='word_1_61' title='bbox 487 1665 596 1745; x_wconf 88' lang='lat' dir='ltr'><strong>probra</strong></span> <span class='ocrx_word' id='word_1_62' title='bbox 622 1666 688 1727; x_wconf 86' lang='lat' dir='ltr'><strong>talia</strong></span> <span class='ocrx_word' id='word_1_63' title='bbox 712 1667 910 1738; x_wconf 87' lang='lat' dir='ltr'><strong>cortsulerem,</strong></span> <span class='ocrx_word' id='word_1_64' title='bbox 934 1669 959 1727; x_wconf 90' lang='lat' dir='ltr'><strong>si</strong></span> <span class='ocrx_word' id='word_1_65' title='bbox 1170 1675 1221 1726; x_wconf 77' lang='lat'><strong>266</strong></span> 
     </span>
     <span class='ocr_line' id='line_1_12' title="bbox 291 1750 877 1832; baseline -0.003 -18"><span class='ocrx_word' id='word_1_66' title='bbox 291 1753 394 1814; x_wconf 86' lang='lat' dir='ltr'><strong>Essem</strong></span> <span class='ocrx_word' id='word_1_67' title='bbox 418 1750 536 1812; x_wconf 87' lang='lat' dir='ltr'><strong>consilii</strong></span> <span class='ocrx_word' id='word_1_68' title='bbox 559 1769 629 1832; x_wconf 84' lang='lat' dir='ltr'><strong>pars</strong></span> <span class='ocrx_word' id='word_1_69' title='bbox 652 1750 800 1832; x_wconf 85' lang='lat' dir='ltr'><strong>aliquante</strong></span> <span class='ocrx_word' id='word_1_70' title='bbox 824 1753 877 1814; x_wconf 85' lang='lat' dir='ltr'><strong>tul.</strong></span> 
     </span>
     <span class='ocr_line' id='line_1_13' title="bbox 250 1837 975 1919; baseline 0.001 -20"><span class='ocrx_word' id='word_1_71' title='bbox 250 1837 347 1901; x_wconf 85' lang='lat' dir='ltr'><strong>Litora</strong></span> <span class='ocrx_word' id='word_1_72' title='bbox 372 1855 515 1919; x_wconf 86' lang='lat' dir='ltr'><strong>pompose</strong></span> <span class='ocrx_word' id='word_1_73' title='bbox 539 1838 701 1918; x_wconf 86' lang='lat' dir='ltr'><strong>tetigerunt</strong></span> <span class='ocrx_word' id='word_1_74' title='bbox 722 1845 836 1911; x_wconf 85' lang='lat' dir='ltr'><strong>nostra,</strong></span> <span class='ocrx_word' id='word_1_75' title='bbox 860 1840 975 1919; x_wconf 84' lang='lat' dir='ltr'><strong>potenti</strong></span> 
     </span>
     <span class='ocr_line' id='line_1_14' title="bbox 293 1921 917 2006; baseline 0.002 -20"><span class='ocrx_word' id='word_1_76' title='bbox 293 1924 433 1987; x_wconf 78' lang='lat' dir='ltr'><strong>Protinus</strong></span> <span class='ocrx_word' id='word_1_77' title='bbox 454 1926 618 1986; x_wconf 87' lang='lat' dir='ltr'><strong>interram</strong></span> <span class='ocrx_word' id='word_1_78' title='bbox 641 1921 809 2006; x_wconf 86' lang='lat' dir='ltr'><strong>prosiluere</strong></span> <span class='ocrx_word' id='word_1_79' title='bbox 832 1923 917 2006; x_wconf 88' lang='lat' dir='ltr'><strong>pede.</strong></span> 
     </span>
     <span class='ocr_line' id='line_1_15' title="bbox 256 2009 992 2094; baseline 0 -21"><span class='ocrx_word' id='word_1_80' title='bbox 256 2010 423 2094; x_wconf 91' lang='lat' dir='ltr'><strong>lrrumpere</strong></span> <span class='ocrx_word' id='word_1_81' title='bbox 446 2013 528 2074; x_wconf 89' lang='lat' dir='ltr'><strong>loros</strong></span> <span class='ocrx_word' id='word_1_82' title='bbox 551 2009 696 2073; x_wconf 81' lang='lat' dir='ltr'><strong>violenter</strong></span> <span class='ocrx_word' id='word_1_83' title='bbox 719 2013 750 2076; x_wconf 92' lang='lat' dir='ltr'><strong>in</strong></span> <span class='ocrx_word' id='word_1_84' title='bbox 773 2011 866 2084; x_wconf 91' lang='lat' dir='ltr'><strong>urbis,</strong></span> <span class='ocrx_word' id='word_1_85' title='bbox 891 2011 992 2093; x_wconf 87' lang='lat' dir='ltr'><strong>ibique</strong></span> 
     </span>
     <span class='ocr_line' id='line_1_16' title="bbox 296 2099 1225 2180; baseline -0.004 -18"><span class='ocrx_word' id='word_1_86' title='bbox 296 2100 335 2162; x_wconf 87' lang='lat' dir='ltr'><strong>Et</strong></span> <span class='ocrx_word' id='word_1_87' title='bbox 356 2117 406 2162; x_wconf 92' lang='lat' dir='ltr'><strong>res</strong></span> <span class='ocrx_word' id='word_1_88' title='bbox 428 2107 459 2161; x_wconf 85' lang='lat' dir='ltr'><strong>et</strong></span> <span class='ocrx_word' id='word_1_89' title='bbox 480 2107 599 2160; x_wconf 85' lang='lat' dir='ltr'><strong>nostras</strong></span> <span class='ocrx_word' id='word_1_90' title='bbox 622 2099 774 2180; x_wconf 84' lang='lat' dir='ltr'><strong>diripuere</strong></span> <span class='ocrx_word' id='word_1_91' title='bbox 797 2099 916 2172; x_wconf 75' lang='lat' dir='ltr'><strong>‹lomos;</strong></span> <span class='ocrx_word' id='word_1_92' title='bbox 1173 2108 1225 2158; x_wconf 74' lang='lat'><strong>270</strong></span> 
     </span>
     <span class='ocr_line' id='line_1_17' title="bbox 255 2181 999 2266; baseline 0 -18"><span class='ocrx_word' id='word_1_93' title='bbox 255 2185 396 2249; x_wconf 82' lang='lat' dir='ltr'><strong>boetuore</strong></span> <span class='ocrx_word' id='word_1_94' title='bbox 418 2181 533 2266; x_wconf 86' lang='lat' dir='ltr'><strong>patrem</strong></span> <span class='ocrx_word' id='word_1_95' title='bbox 558 2185 719 2247; x_wconf 80' lang='lat' dir='ltr'><strong>crudeliter</strong></span> <span class='ocrx_word' id='word_1_96' title='bbox 742 2196 830 2265; x_wconf 83' lang='lat' dir='ltr'><strong>atque</strong></span> <span class='ocrx_word' id='word_1_97' title='bbox 852 2205 999 2259; x_wconf 88' lang='lat' dir='ltr'><strong>sororem,</strong></span> 
     </span>
     <span class='ocr_line' id='line_1_18' title="bbox 293 2271 932 2350; baseline 0.002 -18"><span class='ocrx_word' id='word_1_98' title='bbox 293 2272 437 2350; x_wconf 85' lang='lat' dir='ltr'><strong>Turpiter</strong></span> <span class='ocrx_word' id='word_1_99' title='bbox 460 2271 518 2332; x_wconf 90' lang='lat' dir='ltr'><strong>lruo</strong></span> <span class='ocrx_word' id='word_1_100' title='bbox 542 2288 638 2349; x_wconf 91' lang='lat' dir='ltr'><strong>usquo</strong></span> <span class='ocrx_word' id='word_1_101' title='bbox 661 2271 817 2333; x_wconf 80' lang='lat' dir='ltr'><strong>tletlnuore</strong></span> <span class='ocrx_word' id='word_1_102' title='bbox 841 2278 932 2334; x_wconf 85' lang='lat' dir='ltr'><strong>tuarn.</strong></span> 
     </span>
     <span class='ocr_line' id='line_1_19' title="bbox 254 2354 993 2426; baseline 0.001 -11"><span class='ocrx_word' id='word_1_103' title='bbox 254 2355 379 2426; x_wconf 83' lang='lat' dir='ltr'><strong>Ludunt,</strong></span> <span class='ocrx_word' id='word_1_104' title='bbox 402 2354 589 2417; x_wconf 81' lang='lat' dir='ltr'><strong>&#39;subsannant</strong></span> <span class='ocrx_word' id='word_1_105' title='bbox 610 2354 746 2417; x_wconf 85' lang='lat' dir='ltr'><strong>imbelles</strong></span> <span class='ocrx_word' id='word_1_106' title='bbox 769 2364 799 2417; x_wconf 87' lang='lat' dir='ltr'><strong>et</strong></span> <span class='ocrx_word' id='word_1_107' title='bbox 821 2359 887 2418; x_wconf 89' lang='lat' dir='ltr'><strong>sine</strong></span> <span class='ocrx_word' id='word_1_108' title='bbox 911 2357 993 2418; x_wconf 90' lang='lat' dir='ltr'><strong>lerro</strong></span> 
     </span>
     <span class='ocr_line' id='line_1_20' title="bbox 293 2440 1039 2520; baseline -0.003 -18"><span class='ocrx_word' id='word_1_109' title='bbox 293 2441 364 2502; x_wconf 80' lang='lat' dir='ltr'><strong>Esse</strong></span> <span class='ocrx_word' id='word_1_110' title='bbox 388 2442 488 2500; x_wconf 88' lang='lat' dir='ltr'><strong>lerunt</strong></span> <span class='ocrx_word' id='word_1_111' title='bbox 511 2459 616 2500; x_wconf 89' lang='lat' dir='ltr'><strong>onmes</strong></span> <span class='ocrx_word' id='word_1_112' title='bbox 640 2441 873 2520; x_wconf 84' lang='lat' dir='ltr'><strong>improperando</strong></span> <span class='ocrx_word' id='word_1_113' title='bbox 898 2440 1039 2520; x_wconf 77' lang='lat' dir='ltr'><strong>l‘brygos.</strong></span> 
     </span>
     <span class='ocr_line' id='line_1_21' title="bbox 255 2523 1225 2605; baseline 0 -21"><span class='ocrx_word' id='word_1_114' title='bbox 255 2523 378 2586; x_wconf 82' lang='lat' dir='ltr'><strong>Graecia</strong></span> <span class='ocrx_word' id='word_1_115' title='bbox 401 2525 432 2585; x_wconf 93' lang='lat' dir='ltr'><strong>ni</strong></span> <span class='ocrx_word' id='word_1_116' title='bbox 454 2525 547 2585; x_wconf 85' lang='lat' dir='ltr'><strong>luerit</strong></span> <span class='ocrx_word' id='word_1_117' title='bbox 568 2523 714 2605; x_wconf 80' lang='lat' dir='ltr'><strong>Phrygios</strong></span> <span class='ocrx_word' id='word_1_118' title='bbox 737 2533 860 2605; x_wconf 76' lang='lat' dir='ltr'><strong>experta</strong></span> <span class='ocrx_word' id='word_1_119' title='bbox 883 2524 1011 2587; x_wconf 87' lang='lat' dir='ltr'><strong>lacertos</strong></span> <span class='ocrx_word' id='word_1_120' title='bbox 1174 2534 1225 2584; x_wconf 75' lang='lat' dir='ltr'><strong>eto</strong></span> 
     </span>
     <span class='ocr_line' id='line_1_22' title="bbox 293 2608 1003 2691; baseline 0.001 -20"><span class='ocrx_word' id='word_1_121' title='bbox 293 2608 372 2678; x_wconf 82' lang='lat' dir='ltr'><strong>l‘lus,</strong></span> <span class='ocrx_word' id='word_1_122' title='bbox 396 2627 485 2689; x_wconf 85' lang='lat' dir='ltr'><strong>quam</strong></span> <span class='ocrx_word' id='word_1_123' title='bbox 508 2611 701 2682; x_wconf 84' lang='lat' dir='ltr'><strong>senserimus,</strong></span> <span class='ocrx_word' id='word_1_124' title='bbox 726 2613 918 2691; x_wconf 83' lang='lat' dir='ltr'><strong>experiemur</strong></span> <span class='ocrx_word' id='word_1_125' title='bbox 942 2628 1003 2672; x_wconf 89' lang='lat' dir='ltr'><strong>eos.</strong></span> 
     </span>
     <span class='ocr_line' id='line_1_23' title="bbox 256 2693 1174 2774; baseline 0.002 -18"><span class='ocrx_word' id='word_1_126' title='bbox 256 2694 332 2757; x_wconf 86' lang='lat' dir='ltr'><strong>llaec</strong></span> <span class='ocrx_word' id='word_1_127' title='bbox 355 2712 425 2772; x_wconf 78' lang='lat' dir='ltr'><strong>epo;</strong></span> <span class='ocrx_word' id='word_1_128' title='bbox 448 2697 474 2756; x_wconf 87' lang='lat' dir='ltr'><strong>si</strong></span> <span class='ocrx_word' id='word_1_129' title='bbox 498 2697 566 2774; x_wconf 88' lang='lat' dir='ltr'><strong>quis</strong></span> <span class='ocrx_word' id='word_1_130' title='bbox 590 2693 681 2756; x_wconf 88' lang='lat' dir='ltr'><strong>babet</strong></span> <span class='ocrx_word' id='word_1_131' title='bbox 703 2695 780 2756; x_wconf 82' lang='lat' dir='ltr'><strong>aliud</strong></span> <span class='ocrx_word' id='word_1_132' title='bbox 804 2695 859 2757; x_wconf 89' lang='lat' dir='ltr'><strong>sub</strong></span> <span class='ocrx_word' id='word_1_133' title='bbox 883 2705 1004 2773; x_wconf 88' lang='lat' dir='ltr'><strong>pectore</strong></span> <span class='ocrx_word' id='word_1_134' title='bbox 1029 2695 1174 2767; x_wconf 80' lang='lat' dir='ltr'><strong>clausum,</strong></span> 
     </span>
     <span class='ocr_line' id='line_1_24' title="bbox 296 2778 971 2858; baseline 0.001 -18"><span class='ocrx_word' id='word_1_135' title='bbox 296 2779 451 2850; x_wconf 64' lang='lat' dir='ltr'><strong>Proferam</strong></span> <span class='ocrx_word' id='word_1_136' title='bbox 474 2788 508 2841; x_wconf 89' lang='lat' dir='ltr'><strong>ut</strong></span> <span class='ocrx_word' id='word_1_137' title='bbox 529 2778 619 2858; x_wconf 84' lang='lat' dir='ltr'><strong>digna</strong></span> <span class='ocrx_word' id='word_1_138' title='bbox 642 2795 692 2841; x_wconf 88' lang='lat' dir='ltr'><strong>res</strong></span> <span class='ocrx_word' id='word_1_139' title='bbox 715 2798 748 2841; x_wconf 88' lang='lat' dir='ltr'><strong>ea</strong></span> <span class='ocrx_word' id='word_1_140' title='bbox 772 2781 851 2841; x_wconf 87' lang='lat' dir='ltr'><strong>iorte</strong></span> <span class='ocrx_word' id='word_1_141' title='bbox 874 2780 971 2842; x_wconf 89' lang='lat' dir='ltr'><strong>eadat.</strong></span> 
     </span>
    </p>
   </div>
   <div class='ocr_carea' id='block_1_5' title="bbox 325 2927 1150 2990">
    <p class='ocr_par' dir='ltr' id='par_1_5' title="bbox 325 2927 1150 2990">
     <span class='ocr_line' id='line_1_25' title="bbox 325 2927 1150 2990; baseline 0.007 -6"><span class='ocrx_word' id='word_1_142' title='bbox 325 2927 443 2985; x_wconf 79' lang='lat' dir='ltr'>DUCES</span> <span class='ocrx_word' id='word_1_143' title='bbox 461 2927 739 2984; x_wconf 81' lang='lat' dir='ltr'><strong>OONVOOAN&#39;I&#39;UR</strong></span> <span class='ocrx_word' id='word_1_144' title='bbox 755 2929 895 2985; x_wconf 82' lang='lat' dir='ltr'><strong>AUDlIlE</strong></span> <span class='ocrx_word' id='word_1_145' title='bbox 913 2928 1150 2990; x_wconf 80' lang='lat' dir='ltr'><strong>ANTENOREM.</strong></span> 
     </span>
    </p>
   </div>
   <div class='ocr_carea' id='block_1_6' title="bbox 215 3035 1228 3897">
    <p class='ocr_par' dir='ltr' id='par_1_6' title="bbox 215 3035 1228 3897">
     <span class='ocr_line' id='line_1_26' title="bbox 254 3035 1061 3106; baseline 0.001 -7"><span class='ocrx_word' id='word_1_146' title='bbox 254 3037 401 3099; x_wconf 85' lang='lat' dir='ltr'><strong>Continuo</strong></span> <span class='ocrx_word' id='word_1_147' title='bbox 423 3037 562 3099; x_wconf 84' lang='lat' dir='ltr'><strong>Priamus</strong></span> <span class='ocrx_word' id='word_1_148' title='bbox 586 3045 670 3098; x_wconf 85' lang='lat' dir='ltr'><strong>vocat</strong></span> <span class='ocrx_word' id='word_1_149' title='bbox 691 3040 723 3097; x_wconf 91' lang='lat' dir='ltr'><strong>in</strong></span> <span class='ocrx_word' id='word_1_150' title='bbox 747 3056 906 3100; x_wconf 86' lang='lat' dir='ltr'><strong>commune</strong></span> <span class='ocrx_word' id='word_1_151' title='bbox 929 3035 1061 3106; x_wconf 86' lang='lat' dir='ltr'><strong>Quirites</strong></span> 
     </span>
     <span class='ocr_line' id='line_1_27' title="bbox 295 3120 1227 3203; baseline -0.002 -19"><span class='ocrx_word' id='word_1_152' title='bbox 295 3121 334 3185; x_wconf 86' lang='lat' dir='ltr'><strong>Ut</strong></span> <span class='ocrx_word' id='word_1_153' title='bbox 355 3139 444 3203; x_wconf 90' lang='lat' dir='ltr'><strong>super</strong></span> <span class='ocrx_word' id='word_1_154' title='bbox 468 3121 513 3182; x_wconf 91' lang='lat' dir='ltr'><strong>his</strong></span> <span class='ocrx_word' id='word_1_155' title='bbox 535 3120 659 3182; x_wconf 87' lang='lat' dir='ltr'><strong>verbum</strong></span> <span class='ocrx_word' id='word_1_156' title='bbox 683 3124 778 3202; x_wconf 89' lang='lat' dir='ltr'><strong>possit</strong></span> <span class='ocrx_word' id='word_1_157' title='bbox 799 3122 911 3186; x_wconf 88' lang='lat' dir='ltr'><strong>habere</strong></span> <span class='ocrx_word' id='word_1_158' title='bbox 933 3130 1041 3185; x_wconf 85' lang='lat' dir='ltr'><strong>ratum.</strong></span> <span class='ocrx_word' id='word_1_159' title='bbox 1176 3131 1227 3182; x_wconf 80' lang='lat'><strong>280</strong></span> 
     </span>
     <span class='ocr_line' id='line_1_28' title="bbox 215 3206 1031 3292; baseline 0 -22"><span class='ocrx_word' id='word_1_160' title='bbox 215 3239 221 3248; x_wconf 86' lang='lat'><em>.</em></span> <span class='ocrx_word' id='word_1_161' title='bbox 254 3207 364 3271; x_wconf 87' lang='lat' dir='ltr'><strong>lieetor</strong></span> <span class='ocrx_word' id='word_1_162' title='bbox 387 3206 472 3269; x_wconf 86' lang='lat' dir='ltr'><strong>adest</strong></span> <span class='ocrx_word' id='word_1_163' title='bbox 492 3209 661 3289; x_wconf 81' lang='lat' dir='ltr'><strong>fratresque</strong></span> <span class='ocrx_word' id='word_1_164' title='bbox 685 3209 730 3270; x_wconf 91' lang='lat' dir='ltr'><strong>sui</strong></span> <span class='ocrx_word' id='word_1_165' title='bbox 755 3207 799 3270; x_wconf 85' lang='lat' dir='ltr'><strong>rol</strong></span> <span class='ocrx_word' id='word_1_166' title='bbox 822 3213 874 3292; x_wconf 84' lang='lat' dir='ltr'><strong>qui</strong></span> <span class='ocrx_word' id='word_1_167' title='bbox 896 3210 1031 3290; x_wconf 79' lang='lat' dir='ltr'><strong>generati</strong></span> 
     </span>
     <span class='ocr_line' id='line_1_29' title="bbox 295 3293 832 3376; baseline 0 -18"><span class='ocrx_word' id='word_1_168' title='bbox 295 3295 338 3358; x_wconf 82' lang='lat' dir='ltr'><strong>lix</strong></span> <span class='ocrx_word' id='word_1_169' title='bbox 361 3293 516 3376; x_wconf 81' lang='lat' dir='ltr'><strong>illegitima</strong></span> <span class='ocrx_word' id='word_1_170' title='bbox 539 3302 621 3356; x_wconf 88' lang='lat' dir='ltr'><strong>sorte</strong></span> <span class='ocrx_word' id='word_1_171' title='bbox 643 3296 729 3358; x_wconf 89' lang='lat' dir='ltr'><strong>luere</strong></span> <span class='ocrx_word' id='word_1_172' title='bbox 751 3295 832 3359; x_wconf 86' lang='lat' dir='ltr'><strong>tlrtoi.</strong></span> 
     </span>
     <span class='ocr_line' id='line_1_30' title="bbox 253 3381 911 3466; baseline -0.002 -19"><span class='ocrx_word' id='word_1_173' title='bbox 253 3383 406 3454; x_wconf 78' lang='lat' dir='ltr'><strong>latebisne,</strong></span> <span class='ocrx_word' id='word_1_174' title='bbox 430 3381 625 3446; x_wconf 83' lang='lat' dir='ltr'><strong>lltrolrisiarles</strong></span> <span class='ocrx_word' id='word_1_175' title='bbox 647 3382 758 3466; x_wconf 78' lang='lat' dir='ltr'><strong>aliique</strong></span> <span class='ocrx_word' id='word_1_176' title='bbox 782 3382 911 3448; x_wconf 87' lang='lat' dir='ltr'><strong>barones</strong></span> 
     </span>
     <span class='ocr_line' id='line_1_31' title="bbox 296 3469 1067 3553; baseline -0.004 -17"><span class='ocrx_word' id='word_1_177' title='bbox 296 3472 475 3542; x_wconf 78' lang='lat' dir='ltr'><strong>Adroniuut,</strong></span> <span class='ocrx_word' id='word_1_178' title='bbox 499 3469 609 3553; x_wconf 84' lang='lat' dir='ltr'><strong>quibus</strong></span> <span class='ocrx_word' id='word_1_179' title='bbox 632 3481 678 3534; x_wconf 89' lang='lat' dir='ltr'><strong>est</strong></span> <span class='ocrx_word' id='word_1_180' title='bbox 701 3491 795 3542; x_wconf 75' lang='lat' dir='ltr'><strong>naeres,</strong></span> <span class='ocrx_word' id='word_1_181' title='bbox 820 3471 958 3542; x_wconf 83' lang='lat' dir='ltr'><strong>valitudo,</strong></span> <span class='ocrx_word' id='word_1_182' title='bbox 983 3469 1067 3534; x_wconf 77' lang='lat' dir='ltr'><strong>ledes.</strong></span> 
     </span>
     <span class='ocr_line' id='line_1_32' title="bbox 255 3557 1228 3641; baseline -0.005 -18"><span class='ocrx_word' id='word_1_183' title='bbox 255 3561 356 3631; x_wconf 87' lang='lat' dir='ltr'><strong>Scitis,</strong></span> <span class='ocrx_word' id='word_1_184' title='bbox 380 3560 420 3620; x_wconf 87' lang='lat' dir='ltr'><strong>ait</strong></span> <span class='ocrx_word' id='word_1_185' title='bbox 441 3558 589 3631; x_wconf 89' lang='lat' dir='ltr'><strong>Priamus,</strong></span> <span class='ocrx_word' id='word_1_186' title='bbox 613 3559 722 3641; x_wconf 89' lang='lat' dir='ltr'><strong>quibus</strong></span> <span class='ocrx_word' id='word_1_187' title='bbox 744 3561 830 3621; x_wconf 86' lang='lat' dir='ltr'><strong>istem</strong></span> <span class='ocrx_word' id='word_1_188' title='bbox 854 3561 980 3622; x_wconf 81' lang='lat' dir='ltr'><strong>Graecia</strong></span> <span class='ocrx_word' id='word_1_189' title='bbox 1004 3557 1124 3638; x_wconf 85' lang='lat' dir='ltr'><strong>probris</strong></span> <span class='ocrx_word' id='word_1_190' title='bbox 1176 3567 1228 3619; x_wconf 74' lang='lat'><strong>285</strong></span> 
     </span>
     <span class='ocr_line' id='line_1_33' title="bbox 296 3645 963 3725; baseline -0.001 -17"><span class='ocrx_word' id='word_1_191' title='bbox 296 3646 402 3708; x_wconf 78' lang='lat' dir='ltr'><strong>Alleoit</strong></span> <span class='ocrx_word' id='word_1_192' title='bbox 425 3645 560 3725; x_wconf 86' lang='lat' dir='ltr'><strong>patriam,</strong></span> <span class='ocrx_word' id='word_1_193' title='bbox 585 3664 639 3706; x_wconf 91' lang='lat' dir='ltr'><strong>nus</strong></span> <span class='ocrx_word' id='word_1_194' title='bbox 663 3645 832 3708; x_wconf 83' lang='lat' dir='ltr'><strong>tribulando</strong></span> <span class='ocrx_word' id='word_1_195' title='bbox 855 3645 963 3725; x_wconf 87' lang='lat' dir='ltr'><strong>palam.</strong></span> 
     </span>
     <span class='ocr_line' id='line_1_34' title="bbox 254 3731 1082 3811; baseline -0.006 -16"><span class='ocrx_word' id='word_1_196' title='bbox 254 3732 330 3795; x_wconf 85' lang='lat' dir='ltr'><strong>llum</strong></span> <span class='ocrx_word' id='word_1_197' title='bbox 353 3731 484 3800; x_wconf 89' lang='lat' dir='ltr'><strong>memini,</strong></span> <span class='ocrx_word' id='word_1_198' title='bbox 508 3733 682 3793; x_wconf 88' lang='lat' dir='ltr'><strong>meminisse</strong></span> <span class='ocrx_word' id='word_1_199' title='bbox 705 3732 798 3811; x_wconf 84' lang='lat' dir='ltr'><strong>pudet</strong></span> <span class='ocrx_word' id='word_1_200' title='bbox 820 3739 943 3810; x_wconf 80' lang='lat' dir='ltr'><strong>paterna</strong></span> <span class='ocrx_word' id='word_1_201' title='bbox 967 3731 1082 3811; x_wconf 86' lang='lat' dir='ltr'><strong>rapina,</strong></span> 
     </span>
     <span class='ocr_line' id='line_1_35' title="bbox 297 3815 964 3897; baseline -0.004 -19"><span class='ocrx_word' id='word_1_202' title='bbox 297 3817 349 3878; x_wconf 84' lang='lat' dir='ltr'><strong>Est</strong></span> <span class='ocrx_word' id='word_1_203' title='bbox 372 3823 456 3894; x_wconf 87' lang='lat' dir='ltr'><strong>paler</strong></span> <span class='ocrx_word' id='word_1_204' title='bbox 479 3817 604 3885; x_wconf 81' lang='lat' dir='ltr'><strong>occisus,</strong></span> <span class='ocrx_word' id='word_1_205' title='bbox 629 3826 715 3897; x_wconf 91' lang='lat' dir='ltr'><strong>capta</strong></span> <span class='ocrx_word' id='word_1_206' title='bbox 738 3815 845 3878; x_wconf 88' lang='lat' dir='ltr'><strong>tenella</strong></span> <span class='ocrx_word' id='word_1_207' title='bbox 867 3834 964 3878; x_wconf 93' lang='lat' dir='ltr'><strong>soror.</strong></span> 
     </span>
    </p>
   </div>
   <div class='ocr_carea' id='block_1_7' title="bbox 260 3933 458 3944">
    <p class='ocr_par' dir='ltr' id='par_1_7' title="bbox 260 3933 458 3944">
     <span class='ocr_line' id='line_1_36' title="bbox 260 3933 458 3944; baseline -0.02 0"><span class='ocrx_word' id='word_1_208' title='bbox 260 3933 458 3944; x_wconf 77' lang='lat'>——.----—-</span> 
     </span>
    </p>
   </div>
   <div class='ocr_carea' id='block_1_8' title="bbox 255 3983 1228 4108">
    <p class='ocr_par' dir='ltr' id='par_1_8' title="bbox 255 3983 1228 4108">
     <span class='ocr_line' id='line_1_37' title="bbox 323 3983 1228 4052; baseline 0 -16"><span class='ocrx_word' id='word_1_209' title='bbox 323 3987 382 4038; x_wconf 71' lang='lat'><strong>265.</strong></span> <span class='ocrx_word' id='word_1_210' title='bbox 393 3985 463 4036; x_wconf 78' lang='lat' dir='ltr'><strong>lise.</strong></span> <span class='ocrx_word' id='word_1_211' title='bbox 476 3989 562 4037; x_wconf 84' lang='lat' dir='ltr'><strong>certo.</strong></span> <span class='ocrx_word' id='word_1_212' title='bbox 607 3987 690 4042; x_wconf 56' lang='lat' dir='ltr'><strong>269ae</strong></span> <span class='ocrx_word' id='word_1_213' title='bbox 704 3987 829 4052; x_wconf 82' lang='lat' dir='ltr'><strong>margine</strong></span> <span class='ocrx_word' id='word_1_214' title='bbox 841 4002 890 4052; x_wconf 89' lang='lat' dir='ltr'><strong>pro</strong></span> <span class='ocrx_word' id='word_1_215' title='bbox 903 3985 1032 4039; x_wconf 74' lang='lat' dir='ltr'><strong>silenter.</strong></span> <span class='ocrx_word' id='word_1_216' title='bbox 1087 3985 1147 4038; x_wconf 79' lang='lat'><strong>283.</strong></span> <span class='ocrx_word' id='word_1_217' title='bbox 1158 3983 1228 4042; x_wconf 83' lang='lat' dir='ltr'><strong>ileo.</strong></span> 
     </span>
     <span class='ocr_line' id='line_1_38' title="bbox 255 4053 452 4108; baseline -0.01 0"><span class='ocrx_word' id='word_1_218' title='bbox 255 4053 452 4108; x_wconf 80' lang='lat' dir='ltr'><strong>Anebidietles.</strong></span> 
     </span>
    </p>
   </div>
   <div class='ocr_carea' id='block_1_9' title="bbox 989 4137 1025 4192">
    <p class='ocr_par' dir='ltr' id='par_1_9' title="bbox 989 4137 1025 4192">
     <span class='ocr_line' id='line_1_39' title="bbox 989 4137 1025 4192; baseline 0 -20"><span class='ocrx_word' id='word_1_219' title='bbox 989 4137 1025 4192; x_wconf 69' lang='lat'><strong>2*</strong></span> 
     </span>
    </p>
   </div>
   <div class='ocr_carea' id='block_1_10' title="bbox 0 0 1689 4792">
    <p class='ocr_par' dir='ltr' id='par_1_10' title="bbox 0 0 1689 4792">
     <span class='ocr_line' id='line_1_40' title="bbox 0 0 1689 4792; baseline 0 0"><span class='ocrx_word' id='word_1_220' title='bbox 0 0 1689 4792; x_wconf 95' lang='lat' dir='ltr'><strong> </strong></span> 
     </span>
    </p>
   </div>
  </div>
 </body>
</html>
