3340 4788
411 581 471 648 108
716 583 848 640 Liu1v.
883 599 910 634 v.
930 583 1073 636 romana.

408 741 522 805 Anxius
544 740 581 804 ad
604 741 737 806 Primum
759 740 850 804 mittit
871 758 927 822 pro
950 757 1023 823 pace
1046 737 1184 823 petenda,
1331 747 1379 798 tuo

453 831 492 894 Ut
514 846 618 911 pacem
640 829 723 891 senis
746 825 900 891 mensibus
922 844 987 890 esse
1009 827 1090 890 velit.

408 915 532 1000 'lrojaui
555 933 659 997 pacem
682 913 824 978 dedicunt
847 921 981 995 tempora
1004 920 1096 986 tanto,

453 1001 606 1074 Nolumus,
630 999 807 1071 exclamant,
831 999 946 1080 proelia
969 1018 1043 1083 pace
1065 1001 1140 1080 regi.

410 1087 525 1149 iluimus
548 1088 577 1146 in
600 1095 696 1147 castra
721 1085 888 1146 Danaorum
911 1086 1043 1162 plectere
1065 1091 1199 1152 cunctos,

453 1171 567 1232 ibimus
589 1171 625 1232 ad
649 1169 773 1248 pelagus
795 1169 965 1230 incinerare
987 1177 1077 1229 rates.
1332 1177 1384 1225 200

410 1260 550 1317 Attamen
572 1273 588 1316 a
611 1253 733 1331 reliquis
755 1269 824 1313 oum
846 1270 900 1313 rex
923 1271 978 1332 pro
1002 1269 1075 1331 pace
1097 1251 1239 1328 requirit;

453 1339 571 1408 Pacem,
595 1345 772 1400 cunctorum
796 1353 851 1398 vox
875 1345 940 1398 erat
961 1353 1028 1406 uua,
1052 1335 1126 1398 dari.

411 1422 585 1504 Suscipiunt
607 1422 763 1494 medicam,
788 1431 894 1484 coeant
917 1430 950 1484 ut
972 1420 1102 1492 vulnera,
1126 1420 1209 1500 pacis

452 1511 602 1591 Tempore
624 1507 754 1590 Tydides
776 1517 806 1570 et
827 1508 980 1571 Menelaus
1002 1525 1099 1586 opem.

301 1615 306 1622 ·
389 1596 507 1659 ·'l'rocs
529 1604 559 1657 et
581 1595 673 1657 llanai
695 1597 795 1677 potius
817 1593 967 1656 tumulare
988 1594 1127 1655 videntur
1189 1581 1194 1590 ⁸
1332 1603 1383 1652 aua

453 1679 498 1744 Ob
522 1680 630 1742 nimios
651 1679 788 1743 cumulos
810 1698 898 1760 quam
921 1677 1071 1742 cumulare
1094 1695 1175 1740 suos.

410 1765 444 1828 ln
469 1765 597 1828 tumulos
616 1763 730 1844 jactant
751 1762 894 1836 cumulos,
919 1763 1050 1828 tumulos
1072 1763 1253 1826 cumulando

454 1851 491 1912 Et
512 1849 666 1912 cumulant
686 1851 817 1912 tuumlos
838 1850 1046 1914 intumulando
1068 1851 1159 1911 viros.

491 2033 615 2089 VERBA
633 2033 684 2088 AD
703 2032 891 2088 Aenianum
909 2033 958 2088 UT
975 2031 1151 2090 lausduni
1168 2031 1296 2089 BELLA.

410 2141 444 2205 ln
467 2139 579 2202 bellum
601 2159 744 2203 revocare
766 2142 889 2204 studens
911 2143 1112 2221 Agamemnon
1136 2139 1281 2203 Achillem

453 2227 593 2290 Assumto
615 2226 707 2289 subiit
728 2227 854 2289 Nestore
878 2235 973 2289 castra
997 2228 1091 2289 ducis.
1331 2237 1383 2285 aru

356 2362 359 2368 .
410 2312 515 2375 luclite
537 2311 634 2390 miles,
660 2314 709 2384 ail,
731 2315 776 2375 vir
797 2323 929 2388 strenue,
951 2313 1009 2375 ilde
1031 2311 1157 2374 sodalis!

453 2397 627 2460 Procumbit
649 2397 776 2476 genibus
798 2399 921 2460 Graecia
945 2406 1005 2460 tota
1028 2399 1097 2460 tuis.

411 2482 505 2543 lmmo
527 2491 689 2544 coronatus
712 2501 776 2553 rex,
801 2491 830 2544 et
853 2500 912 2544 non
935 2500 997 2558 rex,
1020 2483 1073 2543 sed
1096 2483 1209 2544 amicus

453 2567 497 2629 'lo
520 2576 606 2644 rogat
627 2570 757 2630 intentas
779 2567 982 2629 continuando
1005 2584 1126 2646 precem
1198 2563 1203 2571 “

409 2651 539 2713 Prodeat
562 2653 592 2712 in
615 2651 727 2716 bellum
751 2663 799 2715 tuo
823 2653 955 2722 dextera,
980 2653 1104 2732 prodeat
1125 2650 1174 2714 illa
1331 2659 1380 2710 215

452 2739 644 2816 Armipotens
666 2738 764 2817 galea:
788 2748 951 2819 nostraque
973 2736 1049 2800 bella
1070 2737 1148 2818 jura.

410 2820 594 2904 Suppliciter
618 2825 692 2904 petit
714 2824 762 2886 nio
785 2833 832 2885 tua
857 2827 963 2906 patria,
985 2822 1109 2886 Graecia
1133 2830 1200 2895 tota,

452 2907 527 2970 'l'ota
551 2909 718 2989 parentela;
743 2909 848 2972 bellica
871 2913 956 2989 signa
978 2908 1052 2971 leva.

409 2994 529 3056 Atrides
552 2997 641 3056 ctiam
666 2994 721 3057 tibi
744 2996 769 3056 si
792 3005 860 3058 tuus
883 3006 928 3057 est
949 2993 1076 3076 alicujus

452 3079 604 3150 immenti,
628 3078 689 3141 noli
713 3090 777 3142 rota
801 3097 911 3160 negare
935 3079 1017 3142 mili.
1329 3088 1381 3137 220

410 3162 442 3222 Sl
466 3163 551 3232 milri,
574 3165 598 3224 si
621 3166 744 3242 patriae,
768 3166 792 3224 si
815 3165 930 3226 cirillus
951 3181 1033 3225 arma
1056 3180 1192 3242 negares,

452 3246 518 3308 uox
541 3247 746 3317 inhonestatis,
770 3247 865 3308 hostis
888 3249 997 3309 amoris
1019 3248 1087 3307 cris.

410 3328 485 3391 Cum
509 3347 576 3391 rosa
599 3332 640 3392 sis
662 3333 786 3411 patriae,
810 3349 869 3392 non
893 3331 983 3393 dehet
1006 3333 1108 3410 spinea
1131 3347 1229 3392 rosam

452 3413 515 3474 lloo
537 3415 610 3476 vilio
632 3414 747 3477 macula
770 3415 945 3477 derosulare
965 3433 1074 3477 rosam.

408 3495 447 3556 Et
469 3513 665 3578 quaecunque
688 3508 795 3577 potest,
820 3517 874 3560 rex
898 3499 1050 3562 allectoria
1073 3499 1163 3561 verna
1329 3509 1379 3558 auo

451 3580 569 3645 Profert
590 3585 621 3645 ln
644 3585 773 3647 medium
796 3585 969 3648 mollillcare
992 3586 1101 3654 virum.

408 3665 537 3748 Projlcit
558 3668 704 3750 ampullas
727 3679 757 3732 et
779 3671 997 3753 sesquipedalia
1021 3669 1111 3732 rerba

476 3839 534 3894 201.
552 3832 665 3904 lllnrgos
684 3838 785 3890 iterum
802 3819 857 3906 pax
875 3838 927 3905 viij
948 3855 994 3892 aex
1013 3839 1153 3892 mensium.
1233 3842 1293 3894 227.
1311 3841 1379 3895 Hor.

405 3902 458 3955 Ars
475 3908 549 3971 poet,
568 3921 592 3958 a.
611 3907 652 3958 st.
