3372 4788
404 652 445 718 12
679 663 681 666 ’
798 647 989 706 ufflouluul

403 807 465 874 liet
486 807 698 874 acclamatum
721 805 854 893 dignum
875 803 945 871 iore
967 801 1170 889 pontificatu,

406 891 468 960 Sed
491 915 558 960 non
580 892 755 974 consensit,
778 890 914 976 quiade
937 911 971 956 ee
994 888 1071 954 vilia
1092 890 1205 976 sensit,

352 996 392 1038 2⁸⁵
405 978 530 1046 Parvus
544 978 629 1063 apud
644 999 688 1058 ee,
709 998 846 1063 magnus
861 976 946 1062 apud
960 980 1004 1058 te,
1020 973 1157 1053 Christe,
1178 998 1316 1062 sequens
1330 980 1374 1059 te,

405 1063 462 1143 Te,
484 1063 540 1148 qui
562 1061 707 1128 mortalis
728 1066 834 1128 tectus
856 1061 1053 1146 galummate
1077 1061 1183 1124 earnis

405 1145 568 1211 Primatus
591 1146 759 1211 cathedras
782 1144 952 1211 ostendisti
974 1143 1155 1228 fugiendae,

406 1228 490 1295 Cum
511 1230 694 1295 secessiseee
717 1230 751 1294 in
772 1234 926 1306 montem,
949 1227 1141 1305 delituisees,

406 1313 457 1380 Ne
480 1319 523 1395 te,
548 1315 599 1380 cui
621 1314 682 1380 soli
705 1315 801 1380 cessit
823 1310 1012 1379 monarchia
1034 1311 1154 1390 mundi,

355 1415 395 1456 Μ
408 1399 449 1465 ln
470 1420 505 1464 re
529 1420 580 1465 em
625 1398 741 1498 opulus
763 1398 825 1464 sibi
847 1398 1005 1483 deligeret
1025 1395 1191 1462 recutitus.

406 1420 550 1568 Assecla,
577 1422 713 1569 Glirrete,
735 1489 810 1551 tuus
833 1489 890 1550 tue
910 1505 967 1568 per
989 1481 1127 1581 vestigia
1149 1481 1286 1581 ductus·

407 1569 472 1638 cor
493 1592 559 1636 non
581 1571 742 1657 apposuit,
764 1569 820 1636 sed
842 1570 876 1636 iu
899 1569 979 1634 lraec
1001 1590 1037 1634 oa
1060 1567 1147 1634 dictu
1168 1568 1318 1633 resolvit:

407 1656 583 1722 ‘Praecluie
606 1679 625 1722 o
648 1657 812 1743 princeps,
835 1677 855 1722 o
877 1657 1042 1742 primates,
1064 1653 1160 1719 decus
1183 1653 1310 1740 ingene,

312 1821 315 1826 Ι
409 1744 570 1809 Accensae
592 1743 627 1809 in
648 1764 701 1808 me
723 1745 845 1808 vestres
869 1742 1002 1807 evertite
1024 1743 1159 1807 mentes.

356 1842 395 1884 ¹⁹⁵
408 1826 545 1895 Deserui
591 1828 706 1894 atrium
728 1829 853 1914 petrice
874 1827 1020 1893 caelestis
1043 1825 1085 1892 ob
1106 1825 1224 1911 aulem,

408 1912 486 1980 Non
509 1917 546 1980 ut
568 1851 688 1980 ditarer
709 1935 770 1979 uec
791 1914 825 1979 in
848 1913 944 1979 exilio
967 1912 1158 1991 dominarer,

410 1999 472 2066 Sed
494 1999 599 2066 nudus
622 1998 788 2066 Christum
811 1998 933 2064 nudum
956 2019 1106 2084 sequerer
1127 1997 1326 2063 crucifixum.

409 2083 486 2152 Non
508 2086 725 2172 speculativos
748 2085 844 2151 didici
867 2084 1137 2170 sublimissime,

410 2170 515 2239 Corde
525 2193 662 2258 pavesco
673 2177 799 2238 tomum
809 2171 964 2239 virtutum
978 2176 1086 2236 mente
1099 2169 1286 2256 notandum,
1307 2176 1379 2233 tear

358 2269 398 2313 ³⁰0
412 2257 549 2325 Actibus
570 2257 771 2346 implendum
793 2256 888 2324 Pauli
911 2257 949 2324 de
972 2262 1101 2342 pectore
1123 2256 1266 2342 ductum,

344 2373 346 2384 ·
410 2343 616 2412 Praeaulibus
638 2347 813 2430 proprium,
837 2344 1019 2411 catechistie
1041 2345 1232 2410 animarum.

411 2430 496 2508 Quid
518 2433 600 2498 tenti
623 2432 739 2516 cupitis
762 2430 842 2496 mihi
865 2431 993 2497 credere
1015 2430 1142 2496 culmen
1164 2427 1321 2494 honoris?

409 2514 485 2581 Non
508 2521 558 2581 eet
577 2517 681 2582 maius
704 2538 796 2600 onus,
819 2517 921 2581 maior
942 2537 1011 2581 non
1032 2518 1082 2580 eet
1102 2516 1209 2581 honor
1230 2513 1331 2598 ullue;

410 2598 467 2666 Nil
529 2603 620 2666 avius
642 2602 743 2667 menti
765 2602 891 2667 iontem
912 2601 998 2666 uitee
1019 2599 1152 2679 sitienti,

360 2684 487 2750 ³0⁶Into
502 2685 655 2750 stabilius
678 2685 760 2750 nihil
782 2689 840 2769 cet,
864 2706 960 2771 quem
983 2684 1067 2749 ferre
1089 2681 1246 2748 tumultus

413 2770 463 2834 Ac
485 2771 639 2854 strepitus
660 2768 841 2851 hominum,
865 2768 1014 2854 pathicoe
1036 2771 1144 2833 motus
1167 2769 1357 2832 animorum.

411 2851 525 2918 Refert
546 2853 708 2936 pontificia
730 2853 836 2918 Devid
857 2855 893 2918 iu
916 2852 1041 2918 Libano
1063 2855 1127 2917 site
1148 2852 1255 2929 turris,

412 2936 463 3001 Ex
486 2937 577 3002 cuiue
599 2937 728 3023 specula
750 2937 932 3021 speculetur
953 2959 1012 3021 pro
1052 2937 1110 3001 icit
1130 2935 1205 3016 alte,

411 3020 584 3120 Prospicit,
606 3023 710 3088 aerias
732 3027 765 3088 et
786 3024 917 3088 nuntiet
938 3024 985 3089 ire
1007 3044 1028 3106 p
1053 3021 1196 3106 elenges,

359 3119 399 3162 ⁸¹⁰
413 3106 535 3186 Prodit,
558 3108 615 3173 ubi
636 3109 765 3174 sceleris
787 3111 901 3193 puteat
922 3128 1060 3174 coenose
1081 3105 1243 3191 mephitis,

411 3190 482 3268 Quo
505 3193 636 3258 virtutis
659 3193 739 3258 odor
761 3195 872 3278 spiret,
897 3215 961 3278 quo
986 3193 1052 3258 vite
1073 3192 1117 3256 eit
1138 3196 1171 3257 et
1192 3211 1289 3270 mors.

410 3277 456 3342 lut
477 3280 570 3342 tanto
592 3277 673 3344 fesci
695 3279 781 3363 quod
803 3300 886 3344 onus
908 3278 996 3345 velet
1017 3274 1241 3362 aequiperari?

410 3362 504 3440 Quod
527 3367 594 3429 tem
616 3363 749 3430 sublimi
771 3365 844 3451 quis
866 3364 944 3432 odae
967 3367 1024 3429 uet
1044 3363 1171 3429 culmen
1195 3361 1336 3428 honori‘l

410 3447 487 3515 Non
510 3452 559 3516 est
581 3471 620 3516 ex
642 3453 739 3535 terre,
763 3451 819 3516 sed
841 3451 882 3516 ab
905 3456 958 3517 eet
982 3449 1045 3516 eris
1067 3471 1140 3514 erce
1162 3469 1311 3534 superne,

458 3643 529 3720 ,986
550 3639 715 3719 gelumnete
740 3640 767 3695 G
844 3643 895 3695 289
917 3597 1088 3720 monarctya
1112 3638 1170 3694 GT
1245 3643 1294 3694 29³
1315 3655 1379 3720 pre-

410 3708 481 3764 cluu
500 3706 527 3762 θ
561 3710 683 3832 primate
703 3709 729 3764 T
752 3761 755 3767 ,
801 3715 852 3765 294
870 3727 909 3764 au
926 3708 1086 3765 advertite?
1159 3714 1210 3765 296
1227 3706 1338 3789 celestia
1356 3709 1382 3764 l·

409 3782 460 3833 298
484 3793 569 3848 specu
581 3779 657 3835 etrve
685 3778 712 3832 Τ
787 3784 838 3834 299
860 3777 988 3833 thomum
1013 3778 1071 3832 GT
1145 3784 1192 3834 301
1216 3776 1380 3833 Preeulrbua

412 3844 470 3902 02²
510 3845 671 3901 cetlreeietia
697 3847 755 3902 GT
832 3853 882 3903 808
906 3846 995 3902 honos
1019 3847 1044 3901 T
1119 3845 1382 3902 scindentia?

409 3913 629 4036 80611Ῑ)ιῖξὶῃὸο1εΙ
654 3914 713 3970 GT
793 3921 843 3971 tot
870 3913 987 3984 Lybenc
1016 3913 1076 3970 GT
1151 3919 1201 3970 elo
1227 3928 1331 3970 cenosa
1355 3912 1383 3969 T

409 3997 512 4062 mepy
539 3999 552 4035 e
