3368 4792
376 639 443 688 vm
802 623 956 674 Praelatio.

376 777 455 840 herti
477 777 578 858 prodit
600 779 689 840 etiarn
713 773 866 856 catalogue
888 777 1030 856 antiquus
1052 774 1252 838 bibliothecae
1275 775 1349 838 Bor·

378 863 610 928 desholmlensia
633 861 700 946 (lib.
723 865 775 925 cit.
791 881 819 944 p.
838 857 889 942 39)
913 861 1046 924 codicem
1069 879 1150 924 nunc
1172 860 1350 946 Guelferby-

378 961 481 1016 tanum
505 949 560 1012 sul)
583 950 639 1012 litt
664 950 700 1013 G.
727 966 774 1012 nr.
799 944 848 1010 18.
872 964 1126 1011 commemorans:
1162 947 1351 1030 „Philippico

379 1036 481 1101 Tullli.
526 1033 653 1118 Troplus
680 1032 794 1097 Albcrti
828 1033 946 1098 abbatis
979 1033 1147 1096 sudensts⁴⁴
1179 1035 1350 1116 inscriptio·

380 1121 486 1184 uibus:
515 1121 617 1193 „liber
645 1127 766 1182 sauctae
794 1120 905 1181 llariac
932 1122 963 1181 ln
986 1120 1274 1181 Nouomonusterio⁴⁴
1299 1139 1348 1181 or·

378 1214 492 1273 natum.
536 1205 635 1268 Codex
658 1206 751 1284 igitur
770 1202 830 1284 jam
854 1211 922 1265 aule
944 1200 1169 1274 anuum1332‚
1195 1221 1254 1283 qrro
1271 1221 1352 1267 anuo

380 1291 570 1373 praepositus
598 1291 738 1352 Hiurious
767 1288 943 1369 Sulneborg
971 1298 1148 1352 conventum
1171 1289 1349 1351 Novimona·

378 1378 463 1440 steril
486 1375 735 1439 Bordesholmum
759 1377 944 1456 transposuit
971 1374 1027 1437 sub
1049 1374 1107 1436 lroc
1130 1374 1217 1436 titulo
1241 1383 1271 1436 ct
1293 1375 1348 1436 lrac

377 1463 576 1544 inscriptione
607 1462 684 1525 lutor
719 1459 813 1524 libros
841 1462 968 1524 Sanctae
997 1461 1106 1524 llariau
1139 1463 1169 1523 iu
1200 1460 1349 1524 llolcntinc

378 1550 461 1614 [loro
484 1551 666 1614 llouastorio
690 1549 913 1613 arlscrralontur.

464 1637 611 1715 carmini,
641 1635 722 1716 quod
752 1653 785 1697 sa
807 1654 884 1697 anno
910 1631 992 1698 1249
1015 1637 1182 1698 coniecisse
1205 1636 1235 1696 in
1258 1654 1349 1716 supra

379 1724 553 1784 memoratis
586 1721 722 1784 uersibus
751 1731 856 1782 aurotor
885 1723 950 1800 ipsa
978 1723 1034 1791 ait,
1069 1723 1213 1801 imposuit
1237 1740 1345 1783 nornen

377 1805 470 1869 Troili
504 1814 535 1868 ct
567 1815 690 1887 propter
723 1803 832 1866 ballum
865 1804 1027 1885 Trojanum
1063 1815 1093 1866 et
1120 1806 1200 1884 quod
1228 1805 1349 1867 Troilus

378 1891 457 1952 illius
478 1891 576 1952 luerat
596 1889 724 1950 Priami:

422 1975 562 2046 „Troilru
585 1983 630 2036 est
651 1972 772 2035 Troilus
794 1973 926 2053 Trojano
950 1975 1085 2054 principe
1109 1983 1206 2045 natus,

467 2059 505 2122 Et
527 2059 603 2121 liber
626 2069 671 2121 est
692 2059 812 2121 Troilus
835 2059 873 2120 ob
897 2059 1004 2121 Troica
1027 2058 1103 2121 bella
1127 2068 1280 2129 uocatus“,

382 2146 434 2225 qul
455 2163 559 2208 versus
580 2147 612 2207 in
634 2147 693 2207 lrne
716 2145 861 2226 prooemii
883 2152 915 2206 et
941 2144 1011 2207 libri
1034 2147 1125 2207 totius
1147 2146 1350 2208 inueniuntur.
1406 2206 1408 2212 ,

378 2231 487 2293 Totum
511 2248 644 2301 carmon,
666 2231 799 2307 exeeptis
815 2233 962 2309 prooemii
979 2240 1008 2291 et
1023 2238 1268 2310 argumentorum
1285 2250 1351 2293 ver·

384 2316 468 2378 sibus
490 2324 587 2378 metro
605 2315 727 2377 heroico
743 2317 926 2396 compositis,
949 2316 1080 2394 elegiaco
1096 2325 1192 2378 tractio
1207 2319 1349 2398 scripturn

381 2400 544 2482 Trojanum
571 2409 602 2464 et
634 2402 816 2463 Graecorum
845 2401 974 2481 proelia,
1003 2401 1170 2483 Troiaeque
1199 2403 1349 2465 excidium

383 2490 517 2548 continet
549 2485 635 2548 libris
671 2503 737 2556 aex,
773 2485 910 2549 versibus
930 2482 1017 2548 5320
1046 2497 1080 2548 ut
1106 2495 1193 2567 poeta
1222 2489 1287 2569 ipse
1310 2490 1351 2550 ait

380 2567 745 2652 fflwssffiwt
979 2642 984 2651 Ι

422 2657 503 2729 „Tot
525 2658 631 2736 positis
652 2656 787 2718 numeria
810 2655 897 2717 etiam
921 2656 1049 2719 fortasse
1072 2657 1210 2737 requiris,

466 2741 595 2804 Currere
617 2741 773 2804 uersiculis
795 2750 870 2820 quot
892 2739 969 2802 liber
992 2743 1047 2803 iste
1071 2742 1154 2810 volit:

424 2827 475 2890 Bls
498 2828 583 2890 denis
606 2827 681 2889 addc
704 2834 870 2889 tercentum
895 2826 986 2889 millia
1010 2829 1152 2907 quinque,

467 2914 530 2975 Hoc
552 2931 679 2976 numero
701 2922 800 2974 textus
823 2915 933 2974 texitur
955 2912 1131 2976 laiatoriae·‘.

467 2998 530 3071 Qua
563 3017 666 3070 causa,
701 3000 758 3060 lroo
785 3007 818 3059 ut
845 3016 966 3060 carmen
991 2997 1093 3069 iaciat,
1128 3009 1281 3081 permotus
1303 3002 1353 3079 sit,

379 3085 443 3164 ipse
467 3088 557 3146 ctiam
581 3093 683 3147 narrat
705 3083 767 3163 (lib.
791 3082 827 3146 Vl
851 3103 875 3146 r.
899 3080 963 3146 365
979 3088 1072 3164 aqud:

423 3171 483 3245 „Et
504 3169 631 3231 lortaase
653 3168 756 3246 legens
778 3171 822 3229 sio
844 3169 932 3239 dicet,
957 3187 1010 3231 cur
1033 3169 1100 3230 tulit
1122 3180 1226 3233 auctor

466 3253 498 3314 ln
522 3270 671 3315 cameram
694 3252 786 3315 studii
808 3253 914 3314 Troica
938 3251 1015 3314 bella
1039 3253 1117 3316 siluit

423 3337 488 3400 Non
512 3346 637 3420 propter
658 3337 779 3418 Trojam
802 3338 965 3418 Trojanum
988 3337 1122 3400 scribere
1145 3337 1258 3402 bellum

466 3424 525 3485 Aut
547 3425 646 3504 coepit
669 3422 819 3504 Phrygum
843 3421 1003 3485 sollicitare
1026 3423 1144 3504 stylum,

423 3507 483 3569 Sed
506 3508 613 3570 ductus
635 3506 761 3571 molioro
783 3511 828 3570 ria
851 3526 1045 3590 composcere
1068 3527 1175 3592 prauos

466 3593 502 3656 Et
523 3612 644 3657 acruaro
666 3593 714 3656 dci
737 3593 798 3657 uult
820 3597 851 3656 in
874 3613 976 3658 amoro
1000 3594 1104 3658 botros.

424 3679 514 3742 Graia
537 3677 665 3741 medulla
689 3681 763 3742 latet
784 3681 865 3741 omnl
887 3679 943 3742 auh
967 3683 1080 3743 cortice
1103 3697 1216 3752 rerum,

466 3763 503 3825 Et
525 3763 665 3826 nucleum
689 3763 766 3826 celat
787 3763 871 3827 arida
894 3772 968 3827 testa
993 3764 1114 3828 bonum.

422 3849 482 3911 Nos
504 3849 593 3911 docet
615 3849 757 3920 Herodes,
781 3852 858 3912 sicut
881 3851 1014 3929 Baptista
1037 3851 1200 3921 iohannes,

464 3935 571 3996 Erudit
592 3936 647 3996 late
670 3935 775 4013 lronoa,
799 3937 918 3998 territat
940 3937 996 3998 istc
1018 3935 1128 4006 malos;
