3368 4792
573 836 636 889 Lib.
655 837 678 888 1.
715 852 740 892 v.
759 837 904 890 teo-tot.
1182 834 1226 902 25

251 992 366 1056 iioeuia
390 1011 451 1055 non
474 994 568 1056 tacuit
590 994 738 1074 irrurnpta
763 994 904 1073 virosque
928 1000 1088 1074 perennes,
1174 1002 1227 1054 teo

293 1079 332 1141 Et
354 1079 506 1151 reddatur,
530 1080 578 1148 ait,
604 1087 689 1160 rapta
713 1076 809 1160 puelia
833 1079 915 1141 mitri.

253 1164 378 1228 Obrirat
398 1164 539 1246 precibus
562 1183 661 1237 aures,
685 1167 876 1246 retinentque
898 1183 1034 1228 sororem

293 1252 398 1314 Cetera
421 1271 488 1315 euin
513 1251 647 1313 iacerent
668 1251 724 1315 irae
747 1252 891 1313 redeunte
914 1252 1021 1315 ioeurn.

251 1337 345 1400 inune
367 1341 551 1401 remiserunt
572 1338 763 1408 inhonorum,
788 1347 911 1419 propter
934 1339 1057 1402 trunonis

294 1420 352 1495 Qui
375 1426 432 1486 init
455 1431 484 1486 et
506 1426 587 1505 pacis
610 1425 716 1486 nuncia
739 1426 848 1486 missus
872 1426 924 1488 eis.

251 1509 363 1589 Turpia
387 1528 462 1590 quae
485 1510 588 1571 tuterit
609 1510 739 1572 corrrioia
763 1509 865 1571 dicere
888 1509 966 1586 noio,

294 1593 331 1653 Et
353 1593 432 1674 quod
456 1593 493 1654 de
516 1593 631 1654 toribus
654 1593 734 1655 iruno
756 1593 897 1672 repulere
920 1597 991 1656 suis.

252 1677 346 1746 Dices,
371 1679 521 1738 Antenor!
545 1685 595 1739 tua
617 1679 676 1738 tine
699 1679 817 1755 negotia
839 1676 920 1757 quali

294 1759 451 1832 Clauseris,
475 1769 508 1822 ut
530 1769 647 1822 constet
669 1760 811 1822 omnibns
833 1762 889 1821 iste
911 1761 1007 1824 stitus.

251 1845 360 1924 incipit
381 1847 514 1906 Antenor
536 1844 680 1922 ‹piraedarn
706 1844 843 1914 recitare,
868 1864 922 1924 per
946 1845 993 1907 itta

295 1931 356 1992 iarn
379 1931 492 1993 dudurn
517 1931 635 1993 fuerunt
656 1949 732 2012 quae
755 1931 814 1992 sibi
836 1931 912 1993 tecta
937 1932 1013 1994 toea.

251 2017 358 2080 Indicit
380 2017 526 2099 {lesynem
550 2016 629 2098 quod
652 2014 766 2079 noiteut
788 2017 926 2087 reddere,
949 2017 1071 2080 dentum

295 2105 327 2166 in
350 2103 480 2165 nrodiurn
505 2105 628 2166 veniunt
649 2101 769 2185 probra,
793 2103 920 2184 repulsa,
946 2105 1051 2167 rninne.

252 2189 378 2271 Subjieit
399 2188 558 2262 hortando,
582 2197 614 2252 ut
636 2208 668 2250 se
693 2189 813 2252 robusta
838 2192 973 2252 iuventas

296 2273 430 2338 Vindicet
452 2281 483 2337 et
504 2275 635 2338 Graecos
657 2275 748 2356 Troja
772 2293 915 2338 mucrone
939 2275 1045 2338 domus

366 2439 536 2496 ranutius
554 2439 760 2494 DISSUADE'I'
778 2439 930 2495 RAPTUM
947 2440 1105 2497 HELENE.

253 2546 385 2610 Panthus
408 2549 456 2609 oui
479 2548 596 2626 genitor
619 2545 810 2626 Enptrorbius
834 2548 952 2626 agmine
975 2548 1053 2611 iacto

295 2634 327 2698 in
351 2634 451 2697 teredio
474 2635 574 2713 (arripit
596 2634 725 2714 agrninis
748 2635 801 2696 istn
825 2632 917 2715 donni.

253 2723 303 2785 sic
327 2725 448 2784 urernini
473 2723 584 2784 dixisse
607 2731 731 2801 patrern,
757 2740 823 2783 nant
848 2721 976 2804 plnrinra
1000 2725 1083 2786 norit

297 2810 428 2890 [teniqne
452 2808 602 2889 praedixit
623 2827 713 2888 saepe
735 2810 834 2870 irrtrua
858 2809 941 2870 nitu.

255 2895 331 2960 unte
354 2892 512 2957 consilinm
537 2914 595 2955 non
619 2895 754 2964 atestino,
778 2897 804 2955 si
828 2893 983 2958 nudiorern
1176 2905 1226 2957 too

296 2983 480 3044 Graecorum
504 2981 593 3043 ducat
616 3001 632 3042 e
656 2982 779 3058 regione
801 2981 896 3044 Paris.

255 3067 285 3128 Si
307 3086 360 3127 res
382 3068 489 3127 etieotu
512 3064 677 3135 claudetur,
701 3064 790 3142 Troja
814 3067 934 3145 peribit,

299 3152 393 3223 Quam
416 3150 506 3211 modu
528 3160 609 3211 terra
633 3158 727 3224 tenet,
750 3168 861 3229 pascua
884 3149 983 3211 butus
1005 3153 1071 3212 erit.

254 3235 319 3298 Otia
341 3237 451 3296 sectari
474 3233 633 3313 puteirrurn
657 3235 751 3311 magis
773 3236 896 3295 aestimo
919 3233 1007 3305 tiber,

297 3319 393 3391 Onam
415 3338 447 3380 se
470 3321 592 3380 servitio
614 3326 694 3379 rnnte
717 3335 876 3398 perarma
900 3318 999 3380 darer.

255 3405 361 3467 Tutius
384 3413 430 3465 est
451 3407 580 3466 iacuisse
604 3401 700 3479 thoro,
725 3404 858 3465 tenuisse
881 3403 1022 3465 oirorearn

295 3491 446 3551 Treieianr
469 3488 571 3568 digitis
593 3490 781 3565 increpuisse
804 3486 908 3567 lyram,

254 3577 348 3648 Quam
372 3572 510 3637 inanibus
534 3573 648 3654 clipeos
671 3581 701 3634 et
722 3581 826 3634 acutae
849 3573 985 3651 cuspidis
1006 3574 1120 3635 instant

298 3662 335 3722 iit
357 3659 470 3739 galeam
493 3677 598 3739 pressa
621 3659 797 3720 sustinuisse
820 3677 914 3720 coma.

321 3830 380 3880 tar.
411 3828 521 3880 obrivnt
548 3845 582 3878 ex
609 3829 733 3894 rnnrgine
757 3843 806 3893 pro
832 3826 951 3878 codicis:
979 3826 1098 3878 obbtret.
1168 3829 1228 3878 438.

253 3895 342 3962 Mnrg.
360 3896 413 3948 hne
431 3896 564 3947 redeunte
582 3895 672 3946 locum
692 3912 747 3949 non
767 3893 875 3950 betium.
895 3911 944 3960 pro
958 3894 1009 3945 irae
1022 3892 1161 3945 redeunde
1174 3893 1228 3946 loe.

254 3969 312 4019 til.
334 3984 348 4018 e
369 3967 491 4033 rnnrgino
512 3983 559 4034 prn
579 3962 714 4030 enrrjurin.
785 3966 844 4016 tid.
863 3963 931 4016 Meo.
945 3964 1088 4016 itortnndo
1105 3961 1229 4030 subjicit.

253 4040 311 4091 451.
331 4035 510 4105 Euphorbus,
531 4051 609 4104 quern
628 4042 723 4089 nostor
741 4033 917 4102 Errptrorbius
936 4035 1060 4088 nominet
1078 4050 1132 4087 non
1150 4038 1230 4101 peter
1307 4081 1312 4092 ,

255 4106 302 4159 red
321 4103 394 4159 fitius
414 4105 515 4158 Panthi
540 4107 600 4158 tuit.
670 4107 728 4158 460.
748 4123 763 4157 e
782 4107 908 4172 margine
927 4122 976 4173 pro
994 4106 1027 4162 oi.
1097 4105 1227 4157 ddi-dd.

255 4177 349 4230 Ovidii
367 4176 461 4229 herod.
480 4176 532 4244 111,
553 4179 686 4229 tir-teo
704 4175 867 4244 deprompti,
