3368 4792
1215 700 1389 810 7¹.

262 899 438 963 assumserit
452 906 482 960 et
498 895 665 976 subjungit:
691 891 855 976 ,inertaque
871 907 951 961 eto.u
975 898 1136 962 haerebam
1159 910 1233 964 tenr-

263 1003 336 1066 pore
366 985 454 1063 longo
484 981 630 1062 pendulus
660 990 689 1043 et
717 982 826 1045 dubius
852 1001 911 1063 quo
935 987 1033 1064 'totius
1056 1003 1182 1048 rrnruero
1206 996 1236 1049 et

263 1077 357 1131 metro
373 1085 422 1130 ros
445 1087 479 1128 ea
503 1084 556 1128 sen
580 1069 703 1128 materia
729 1070 878 1136 transiret,
904 1070 1121 1130 maximorum
1145 1087 1235 1150 quao-

264 1152 335 1216 iibet
363 1172 437 1216 nora
468 1171 517 1214 res
552 1160 676 1232 propter
710 1150 827 1213 invidos
856 1161 988 1215 transeat
1015 1153 1178 1216 diiiiouitar
1206 1163 1237 1216 et

263 1241 350 1387 etia2m
383 1247 509 1320 propter
545 1237 620 1300 aiios
649 1238 815 1309 auditores,
852 1239 930 1301 unde
959 1239 1100 1302 Horatius
1129 1237 1177 1324 [b.
1201 1241 1234 1304 P.

260 1344 286 1390 r.
332 1323 373 1386 74

326 1321 564 1494 Legitimumque
588 1431 693 1474 sonum
718 1412 817 1491 digitis
839 1410 983 1476 callemus
1005 1421 1035 1474 et
1058 1432 1130 1475 aure
1140 1410 1160 1496 ¹)

263 1510 294 1563 et
315 1499 402 1582 panio
424 1508 494 1562 ante
517 1497 557 1582 [r.
584 1495 654 1560 104.
680 1495 755 1581 105]

709 1583 785 1647 maia
807 1587 832 1648 si
856 1584 994 1648 mandata
1017 1586 1149 1665 loquaris

329 1674 388 1733 but
409 1670 587 1741 dormitabo,
611 1678 662 1731 aut
683 1670 799 1732 ridebo.

349 1757 384 1818 Et
407 1758 464 1818 {roe
487 1774 607 1837 quoque
632 1757 726 1834 tangit
748 1763 853 1817 auctor
883 1757 912 1817 in
938 1758 1075 1835 proemio
1098 1776 1166 1819 ounr
1191 1756 1234 1818 di·

264 1846 318 1904 cit:
349 1848 398 1914 „ot
427 1859 546 1924 semper
574 1860 649 1902 nom
673 1859 722 1902 res
745 1842 840 1922 tangit
862 1850 891 1903 et
914 1841 1029 1904 inuidos
1052 1845 1104 1924 qui
1127 1851 1235 1905 orrnetu

264 1949 339 2011 quae
367 1928 493 1992 audiunt
519 1937 571 1992 aut
592 1926 792 2000 subsannant,
823 1937 874 1992 aut
896 1930 1087 2010 supprimunt
1110 1937 1162 1992 aut
1183 1929 1235 1992 de·

264 2023 402 2097 pravam:
426 2017 500 2078 dicit
522 2034 645 2098 nempe:
674 2014 749 2079 iivor
772 2017 852 2078 iners
875 2024 931 2078 ete.
976 2016 1090 2078 Deinde
1113 2024 1237 2079 excusat

266 2121 299 2165 se
329 2104 366 2166 de
395 2112 492 2166 irretio
520 2106 584 2165 sive
611 2112 799 2184 pentametro
827 2103 945 2174 (diosus,
981 2103 1060 2182 quod
1085 2102 1135 2166 tali
1159 2104 1236 2183 pedo

265 2191 372 2252 merito
395 2189 488 2252 scribi
511 2189 641 2252 debeant
663 2188 737 2251 tabes
761 2191 898 2252 miserias
920 2190 959 2249 ita
983 2187 1182 2251 concludens:

664 2283 747 2353 gesta
772 2275 938 2336 miserrima
962 2273 1062 2334 seribo

328 2357 364 2418 Et
386 2366 501 2436 strages
524 2360 648 2420 miseras
672 2366 729 2420 eto.

334 2558 361 2626 1)
380 2564 485 2612 nostem
505 2575 597 2613 narres.
