<?xml version="1.0" encoding="UTF-8"?>
<!DOCTYPE html PUBLIC "-//W3C//DTD XHTML 1.0 Transitional//EN"
    "http://www.w3.org/TR/xhtml1/DTD/xhtml1-transitional.dtd">
<html xmlns="http://www.w3.org/1999/xhtml" xml:lang="en" lang="en">
 <head>
  <title>
</title>
<meta http-equiv="Content-Type" content="text/html;charset=utf-8" />
  <meta name='ocr-system' content='tesseract 3.04.00' />
  <meta name='ocr-capabilities' content='ocr_page ocr_carea ocr_par ocr_line ocrx_word'/>
</head>
<body>
  <div class='ocr_page' id='page_1' title='image "./troilusalbertis01albegoog_0181.png"; bbox 0 0 3340 4788; ppageno 0'>
   <div class='ocr_carea' id='block_1_1' title="bbox 398 599 1054 670">
    <p class='ocr_par' dir='ltr' id='par_1_1' title="bbox 398 599 1054 670">
     <span class='ocr_line' id='line_1_1' title="bbox 398 599 1054 670; baseline -0.02 -3"><span class='ocrx_word' id='word_1_1' title='bbox 398 599 463 670; x_wconf 80' lang='lat'><strong>152</strong></span> <span class='ocrx_word' id='word_1_2' title='bbox 721 601 783 658; x_wconf 80' lang='lat' dir='ltr'><strong>ure.</strong></span> <span class='ocrx_word' id='word_1_3' title='bbox 801 602 834 655; x_wconf 91' lang='lat' dir='ltr'><strong>v.</strong></span> <span class='ocrx_word' id='word_1_4' title='bbox 864 617 890 660; x_wconf 80' lang='grc' dir='ltr'><strong>ι.</strong></span> <span class='ocrx_word' id='word_1_5' title='bbox 908 602 1054 654; x_wconf 82' lang='lat' dir='ltr'><strong>ero-aro.</strong></span> 
     </span>
    </p>
   </div>
   <div class='ocr_carea' id='block_1_2' title="bbox 265 715 1244 838">
    <p class='ocr_par' dir='ltr' id='par_1_2' title="bbox 265 715 1244 838">
     <span class='ocr_line' id='line_1_2' title="bbox 265 715 1244 838; baseline -0.004 -16"><span class='ocrx_word' id='word_1_6' title='bbox 265 715 288 782; x_wconf 47' lang='lat'><strong>&#39;¹</strong></span> <span class='ocrx_word' id='word_1_7' title='bbox 401 759 480 821; x_wconf 86' lang='lat' dir='ltr'><strong>Dant</strong></span> <span class='ocrx_word' id='word_1_8' title='bbox 501 758 642 838; x_wconf 78' lang='lat' dir='ltr'>gemitus,</span> <span class='ocrx_word' id='word_1_9' title='bbox 667 756 838 837; x_wconf 80' lang='lat' dir='ltr'><strong>hastaeque</strong></span> <span class='ocrx_word' id='word_1_10' title='bbox 859 755 962 821; x_wconf 87' lang='lat' dir='ltr'><strong>lahaot</strong></span> <span class='ocrx_word' id='word_1_11' title='bbox 983 754 1150 819; x_wconf 86' lang='lat' dir='ltr'><strong>uiuiatibns</strong></span> <span class='ocrx_word' id='word_1_12' title='bbox 1171 757 1244 829; x_wconf 85' lang='lat' dir='ltr'><strong>irae,</strong></span> 
     </span>
    </p>
   </div>
   <div class='ocr_carea' id='block_1_3' title="bbox 403 840 1378 1267">
    <p class='ocr_par' dir='ltr' id='par_1_3' title="bbox 403 840 1378 1014">
     <span class='ocr_line' id='line_1_3' title="bbox 444 840 1378 926; baseline -0.004 -18"><span class='ocrx_word' id='word_1_13' title='bbox 444 845 647 926; x_wconf 74' lang='lat' dir='ltr'><strong>opprimitis</strong></span> <span class='ocrx_word' id='word_1_14' title='bbox 671 844 791 907; x_wconf 89' lang='lat' dir='ltr'><strong>madido</strong></span> <span class='ocrx_word' id='word_1_15' title='bbox 814 853 934 923; x_wconf 81' lang='lat' dir='ltr'><strong>gutture</strong></span> <span class='ocrx_word' id='word_1_16' title='bbox 958 842 1048 906; x_wconf 87' lang='lat' dir='ltr'><strong>verba</strong></span> <span class='ocrx_word' id='word_1_17' title='bbox 1072 840 1171 913; x_wconf 78' lang='lat' dir='ltr'><strong>dolor:</strong></span> <span class='ocrx_word' id='word_1_18' title='bbox 1323 854 1378 904; x_wconf 79' lang='lat' dir='ltr'><strong>tao</strong></span> 
     </span>
     <span class='ocr_line' id='line_1_4' title="bbox 403 929 1224 1014; baseline -0.002 -20"><span class='ocrx_word' id='word_1_19' title='bbox 403 932 470 995; x_wconf 89' lang='lat' dir='ltr'><strong>Nou</strong></span> <span class='ocrx_word' id='word_1_20' title='bbox 495 940 628 1011; x_wconf 87' lang='lat' dir='ltr'><strong>sperant,</strong></span> <span class='ocrx_word' id='word_1_21' title='bbox 652 931 731 1014; x_wconf 87' lang='lat' dir='ltr'><strong>quod</strong></span> <span class='ocrx_word' id='word_1_22' title='bbox 756 933 851 1012; x_wconf 78' lang='lat' dir='ltr'><strong>possit</strong></span> <span class='ocrx_word' id='word_1_23' title='bbox 871 933 916 993; x_wconf 89' lang='lat' dir='ltr'><strong>eis</strong></span> <span class='ocrx_word' id='word_1_24' title='bbox 938 929 1112 1011; x_wconf 85' lang='lat' dir='ltr'><strong>impendere</strong></span> <span class='ocrx_word' id='word_1_25' title='bbox 1133 932 1224 992; x_wconf 87' lang='lat' dir='ltr'><strong>vitam</strong></span> 
     </span>
    </p>

    <p class='ocr_par' dir='ltr' id='par_1_4' title="bbox 403 1015 1171 1184">
     <span class='ocr_line' id='line_1_5' title="bbox 439 1015 1171 1097; baseline -0.008 -17"><span class='ocrx_word' id='word_1_26' title='bbox 439 1016 517 1080; x_wconf 85' lang='lat' dir='ltr'><strong>-iilea</strong></span> <span class='ocrx_word' id='word_1_27' title='bbox 539 1015 599 1097; x_wconf 85' lang='lat' dir='ltr'><strong>jam</strong></span> <span class='ocrx_word' id='word_1_28' title='bbox 625 1036 766 1079; x_wconf 80' lang='lat' dir='ltr'><strong>osannam</strong></span> <span class='ocrx_word' id='word_1_29' title='bbox 789 1016 841 1079; x_wconf 90' lang='lat' dir='ltr'><strong>sed</strong></span> <span class='ocrx_word' id='word_1_30' title='bbox 865 1019 960 1096; x_wconf 80' lang='lat' dir='ltr'><strong>magis</strong></span> <span class='ocrx_word' id='word_1_31' title='bbox 983 1017 1028 1078; x_wconf 91' lang='lat' dir='ltr'><strong>aia</strong></span> <span class='ocrx_word' id='word_1_32' title='bbox 1051 1016 1171 1097; x_wconf 76' lang='lat' dir='ltr'><strong>nedum.</strong></span> 
     </span>
     <span class='ocr_line' id='line_1_6' title="bbox 403 1100 1154 1184; baseline -0.005 -20"><span class='ocrx_word' id='word_1_33' title='bbox 403 1103 589 1184; x_wconf 73' lang='lat' dir='ltr'><strong>Praecipites</strong></span> <span class='ocrx_word' id='word_1_34' title='bbox 611 1104 728 1180; x_wconf 80' lang='lat' dir='ltr'><strong>fugiunt</strong></span> <span class='ocrx_word' id='word_1_35' title='bbox 751 1111 779 1162; x_wconf 91' lang='lat' dir='ltr'><strong>et</strong></span> <span class='ocrx_word' id='word_1_36' title='bbox 800 1105 897 1164; x_wconf 85' lang='lat' dir='ltr'><strong>siccos</strong></span> <span class='ocrx_word' id='word_1_37' title='bbox 920 1100 1042 1181; x_wconf 79' lang='lat' dir='ltr'><strong>proluere</strong></span> <span class='ocrx_word' id='word_1_38' title='bbox 1065 1101 1154 1176; x_wconf 83' lang='lat' dir='ltr'><strong>iougo</strong></span> 
     </span>
    </p>

    <p class='ocr_par' dir='ltr' id='par_1_5' title="bbox 445 1185 1124 1267">
     <span class='ocr_line' id='line_1_7' title="bbox 445 1185 1124 1267; baseline -0.006 -18"><span class='ocrx_word' id='word_1_39' title='bbox 445 1187 572 1267; x_wconf 83' lang='lat' dir='ltr'><strong>Campos</strong></span> <span class='ocrx_word' id='word_1_40' title='bbox 593 1185 741 1256; x_wconf 81' lang='lat' dir='ltr'><strong>attollunt,</strong></span> <span class='ocrx_word' id='word_1_41' title='bbox 765 1203 824 1247; x_wconf 91' lang='lat' dir='ltr'><strong>oon</strong></span> <span class='ocrx_word' id='word_1_42' title='bbox 848 1195 947 1248; x_wconf 74' lang='lat' dir='ltr'><strong>minen</strong></span> <span class='ocrx_word' id='word_1_43' title='bbox 971 1185 1124 1262; x_wconf 77' lang='lat' dir='ltr'><strong>effugiunt.</strong></span> 
     </span>
    </p>
   </div>
   <div class='ocr_carea' id='block_1_4' title="bbox 303 1267 1378 1352">
    <p class='ocr_par' dir='ltr' id='par_1_6' title="bbox 303 1267 1378 1352">
     <span class='ocr_line' id='line_1_8' title="bbox 303 1267 1378 1352; baseline -0.005 -19"><span class='ocrx_word' id='word_1_44' title='bbox 303 1267 317 1322; x_wconf 63' lang='grc' dir='ltr'><em>Γ</em></span> <span class='ocrx_word' id='word_1_45' title='bbox 402 1271 542 1352; x_wconf 86' lang='lat' dir='ltr'><strong>Denique</strong></span> <span class='ocrx_word' id='word_1_46' title='bbox 563 1270 697 1351; x_wconf 81' lang='lat' dir='ltr'>Pyrrhus</span> <span class='ocrx_word' id='word_1_47' title='bbox 719 1272 762 1331; x_wconf 85' lang='lat' dir='ltr'><strong>eis</strong></span> <span class='ocrx_word' id='word_1_48' title='bbox 786 1289 853 1331; x_wconf 88' lang='lat' dir='ltr'><strong>oum</strong></span> <span class='ocrx_word' id='word_1_49' title='bbox 878 1271 1002 1331; x_wconf 81' lang='lat' dir='ltr'><strong>Graecis</strong></span> <span class='ocrx_word' id='word_1_50' title='bbox 1024 1271 1144 1331; x_wconf 79' lang='lat' dir='ltr'><strong>sortiter</strong></span> <span class='ocrx_word' id='word_1_51' title='bbox 1166 1270 1256 1330; x_wconf 89' lang='lat' dir='ltr'><strong>instat</strong></span> <span class='ocrx_word' id='word_1_52' title='bbox 1324 1279 1378 1329; x_wconf 70' lang='lat' dir='ltr'><strong>aar&gt;</strong></span> 
     </span>
    </p>
   </div>
   <div class='ocr_carea' id='block_1_5' title="bbox 373 1354 1375 1779">
    <p class='ocr_par' dir='ltr' id='par_1_7' title="bbox 373 1354 1375 1779">
     <span class='ocr_line' id='line_1_9' title="bbox 448 1354 1111 1434; baseline -0.005 -17"><span class='ocrx_word' id='word_1_53' title='bbox 448 1355 486 1417; x_wconf 85' lang='lat' dir='ltr'><strong>Et</strong></span> <span class='ocrx_word' id='word_1_54' title='bbox 507 1355 628 1434; x_wconf 79' lang='lat' dir='ltr'><strong>fugitiva</strong></span> <span class='ocrx_word' id='word_1_55' title='bbox 651 1355 716 1416; x_wconf 84' lang='lat' dir='ltr'><strong>iero</strong></span> <span class='ocrx_word' id='word_1_56' title='bbox 740 1354 828 1417; x_wconf 87' lang='lat' dir='ltr'><strong>dorsa</strong></span> <span class='ocrx_word' id='word_1_57' title='bbox 852 1372 995 1416; x_wconf 88' lang='lat' dir='ltr'><strong>mucrone</strong></span> <span class='ocrx_word' id='word_1_58' title='bbox 1019 1363 1111 1416; x_wconf 88' lang='lat' dir='ltr'><strong>secat.</strong></span> 
     </span>
     <span class='ocr_line' id='line_1_10' title="bbox 401 1440 1169 1522; baseline -0.004 -19"><span class='ocrx_word' id='word_1_59' title='bbox 401 1441 545 1522; x_wconf 75' lang='lat' dir='ltr'><strong>Turpiter</strong></span> <span class='ocrx_word' id='word_1_60' title='bbox 568 1459 602 1501; x_wconf 84' lang='lat' dir='ltr'><strong>ex</strong></span> <span class='ocrx_word' id='word_1_61' title='bbox 626 1459 732 1520; x_wconf 80' lang='lat' dir='ltr'><strong>campo</strong></span> <span class='ocrx_word' id='word_1_62' title='bbox 754 1441 880 1502; x_wconf 78' lang='lat' dir='ltr'><strong>&#39;Potionis</strong></span> <span class='ocrx_word' id='word_1_63' title='bbox 902 1441 932 1501; x_wconf 90' lang='lat' dir='ltr'><strong>iu</strong></span> <span class='ocrx_word' id='word_1_64' title='bbox 957 1449 1034 1502; x_wconf 84' lang='lat' dir='ltr'><strong>tecta</strong></span> <span class='ocrx_word' id='word_1_65' title='bbox 1059 1440 1169 1520; x_wconf 80' lang='lat' dir='ltr'><strong>hugotis</strong></span> 
     </span>
     <span class='ocr_line' id='line_1_11' title="bbox 373 1518 1159 1605; baseline -0.004 -16"><span class='ocrx_word' id='word_1_66' title='bbox 373 1518 377 1528; x_wconf 75' lang='grc'><em>’</em></span> <span class='ocrx_word' id='word_1_67' title='bbox 445 1526 544 1605; x_wconf 82' lang='lat' dir='ltr'><strong>Cingit</strong></span> <span class='ocrx_word' id='word_1_68' title='bbox 565 1529 708 1594; x_wconf 85' lang='lat' dir='ltr'><strong>contiuuo</strong></span> <span class='ocrx_word' id='word_1_69' title='bbox 731 1526 875 1604; x_wconf 81' lang='lat' dir='ltr'><strong>Pergama</strong></span> <span class='ocrx_word' id='word_1_70' title='bbox 899 1527 1031 1588; x_wconf 84' lang='lat' dir='ltr'><strong>Graecus</strong></span> <span class='ocrx_word' id='word_1_71' title='bbox 1054 1528 1159 1599; x_wconf 89' lang='lat' dir='ltr'><strong>homo;</strong></span> 
     </span>
     <span class='ocr_line' id='line_1_12' title="bbox 403 1610 1159 1694; baseline -0.004 -19"><span class='ocrx_word' id='word_1_72' title='bbox 403 1613 470 1676; x_wconf 90' lang='lat' dir='ltr'><strong>Nou</strong></span> <span class='ocrx_word' id='word_1_73' title='bbox 493 1610 605 1674; x_wconf 86' lang='lat' dir='ltr'><strong>undant</strong></span> <span class='ocrx_word' id='word_1_74' title='bbox 626 1611 748 1694; x_wconf 87' lang='lat' dir='ltr'><strong>prodire</strong></span> <span class='ocrx_word' id='word_1_75' title='bbox 771 1615 832 1674; x_wconf 90' lang='lat' dir='ltr'><strong>suis</strong></span> <span class='ocrx_word' id='word_1_76' title='bbox 854 1611 1042 1690; x_wconf 81' lang='lat' dir='ltr'><strong>aliquomodo</strong></span> <span class='ocrx_word' id='word_1_77' title='bbox 1066 1613 1159 1693; x_wconf 78' lang='lat' dir='ltr'><strong>portis</strong></span> 
     </span>
     <span class='ocr_line' id='line_1_13' title="bbox 445 1697 1375 1779; baseline -0.002 -19"><span class='ocrx_word' id='word_1_78' title='bbox 445 1698 503 1760; x_wconf 88' lang='lat' dir='ltr'><strong>Sed</strong></span> <span class='ocrx_word' id='word_1_79' title='bbox 527 1697 638 1776; x_wconf 78' lang='lat' dir='ltr'><strong>frigere</strong></span> <span class='ocrx_word' id='word_1_80' title='bbox 661 1697 743 1759; x_wconf 87' lang='lat' dir='ltr'><strong>rides</strong></span> <span class='ocrx_word' id='word_1_81' title='bbox 766 1715 819 1778; x_wconf 89' lang='lat' dir='ltr'><strong>spe</strong></span> <span class='ocrx_word' id='word_1_82' title='bbox 842 1697 976 1760; x_wconf 87' lang='lat' dir='ltr'><strong>iiuitaots</strong></span> <span class='ocrx_word' id='word_1_83' title='bbox 999 1697 1141 1779; x_wconf 76' lang='lat' dir='ltr'><strong>Phryges.</strong></span> <span class='ocrx_word' id='word_1_84' title='bbox 1323 1707 1375 1758; x_wconf 75' lang='lat'><strong>⁶³0</strong></span> 
     </span>
    </p>
   </div>
   <div class='ocr_carea' id='block_1_6' title="bbox 586 1844 1192 1916">
    <p class='ocr_par' dir='ltr' id='par_1_8' title="bbox 586 1844 1192 1916">
     <span class='ocr_line' id='line_1_14' title="bbox 586 1844 1192 1916; baseline 0.003 -18"><span class='ocrx_word' id='word_1_85' title='bbox 586 1845 761 1915; x_wconf 74' lang='lat' dir='ltr'><strong>[paramus</strong></span> <span class='ocrx_word' id='word_1_86' title='bbox 781 1844 979 1902; x_wconf 82' lang='lat' dir='ltr'><strong>convooaa</strong></span> <span class='ocrx_word' id='word_1_87' title='bbox 994 1844 1192 1916; x_wconf 75' lang='lat' dir='ltr'><strong>sonutam]</strong></span> 
     </span>
    </p>
   </div>
   <div class='ocr_carea' id='block_1_7' title="bbox 405 1949 1404 3308">
    <p class='ocr_par' dir='ltr' id='par_1_9' title="bbox 405 1949 1404 3308">
     <span class='ocr_line' id='line_1_15' title="bbox 407 1949 1187 2031; baseline -0.003 -17"><span class='ocrx_word' id='word_1_88' title='bbox 407 1954 473 2014; x_wconf 83' lang='lat' dir='ltr'><strong>darn</strong></span> <span class='ocrx_word' id='word_1_89' title='bbox 496 1953 590 2014; x_wconf 84' lang='lat' dir='ltr'><strong>uirtus</strong></span> <span class='ocrx_word' id='word_1_90' title='bbox 611 1950 743 2030; x_wconf 83' lang='lat' dir='ltr'><strong>Trojano</strong></span> <span class='ocrx_word' id='word_1_91' title='bbox 766 1950 856 2022; x_wconf 84' lang='lat' dir='ltr'><strong>eadit,</strong></span> <span class='ocrx_word' id='word_1_92' title='bbox 878 1949 937 2031; x_wconf 86' lang='lat' dir='ltr'><strong>jam</strong></span> <span class='ocrx_word' id='word_1_93' title='bbox 960 1951 1023 2031; x_wconf 84' lang='lat' dir='ltr'><strong>tigit</strong></span> <span class='ocrx_word' id='word_1_94' title='bbox 1046 1951 1083 2014; x_wconf 89' lang='lat' dir='ltr'><strong>ab</strong></span> <span class='ocrx_word' id='word_1_95' title='bbox 1106 1953 1187 2015; x_wconf 91' lang='lat' dir='ltr'><strong>imus</strong></span> 
     </span>
     <span class='ocr_line' id='line_1_16' title="bbox 450 2037 1032 2116; baseline -0.002 -17"><span class='ocrx_word' id='word_1_96' title='bbox 450 2037 509 2099; x_wconf 83' lang='lat' dir='ltr'><strong>Cor</strong></span> <span class='ocrx_word' id='word_1_97' title='bbox 533 2037 643 2100; x_wconf 82' lang='lat' dir='ltr'>Priami</span> <span class='ocrx_word' id='word_1_98' title='bbox 667 2039 748 2116; x_wconf 81' lang='lat' dir='ltr'><strong>regis</strong></span> <span class='ocrx_word' id='word_1_99' title='bbox 770 2037 929 2099; x_wconf 75' lang='lat' dir='ltr'><strong>anxietatis</strong></span> <span class='ocrx_word' id='word_1_100' title='bbox 951 2056 1032 2100; x_wconf 87' lang='lat' dir='ltr'><strong>aeus.</strong></span> 
     </span>
     <span class='ocr_line' id='line_1_17' title="bbox 405 2121 1191 2202; baseline -0.004 -16"><span class='ocrx_word' id='word_1_101' title='bbox 405 2123 565 2186; x_wconf 82' lang='lat' dir='ltr'>Obsessam</span> <span class='ocrx_word' id='word_1_102' title='bbox 589 2125 694 2186; x_wconf 88' lang='lat' dir='ltr'><strong>metuit</strong></span> <span class='ocrx_word' id='word_1_103' title='bbox 717 2124 794 2185; x_wconf 79' lang='lat' dir='ltr'><strong>uadi</strong></span> <span class='ocrx_word' id='word_1_104' title='bbox 817 2121 901 2202; x_wconf 80' lang='lat' dir='ltr'><strong>plebs</strong></span> <span class='ocrx_word' id='word_1_105' title='bbox 924 2121 1061 2186; x_wconf 87' lang='lat' dir='ltr'><strong>hostibus</strong></span> <span class='ocrx_word' id='word_1_106' title='bbox 1083 2121 1191 2185; x_wconf 84' lang='lat' dir='ltr'><strong>ruham</strong></span> 
     </span>
     <span class='ocr_line' id='line_1_18' title="bbox 447 2208 1065 2290; baseline 0.003 -18"><span class='ocrx_word' id='word_1_107' title='bbox 447 2211 505 2272; x_wconf 84' lang='lat' dir='ltr'><strong>hut</strong></span> <span class='ocrx_word' id='word_1_108' title='bbox 527 2208 616 2289; x_wconf 82' lang='lat' dir='ltr'><strong>rigidi</strong></span> <span class='ocrx_word' id='word_1_109' title='bbox 639 2209 712 2270; x_wconf 87' lang='lat' dir='ltr'><strong>ierri</strong></span> <span class='ocrx_word' id='word_1_110' title='bbox 737 2209 835 2272; x_wconf 88' lang='lat' dir='ltr'><strong>iorsan</strong></span> <span class='ocrx_word' id='word_1_111' title='bbox 859 2211 889 2270; x_wconf 93' lang='lat' dir='ltr'><strong>in</strong></span> <span class='ocrx_word' id='word_1_112' title='bbox 913 2225 966 2272; x_wconf 89' lang='lat' dir='ltr'><strong>ore</strong></span> <span class='ocrx_word' id='word_1_113' title='bbox 989 2211 1065 2290; x_wconf 85' lang='lat' dir='ltr'><strong>capi.</strong></span> 
     </span>
     <span class='ocr_line' id='line_1_19' title="bbox 408 2293 1404 2378; baseline -0.001 -21"><span class='ocrx_word' id='word_1_114' title='bbox 408 2293 557 2358; x_wconf 81' lang='lat' dir='ltr'><strong>Funditus</strong></span> <span class='ocrx_word' id='word_1_115' title='bbox 579 2297 671 2358; x_wconf 83' lang='lat' dir='ltr'><strong>everti</strong></span> <span class='ocrx_word' id='word_1_116' title='bbox 695 2296 772 2358; x_wconf 83' lang='lat' dir='ltr'><strong>valet</strong></span> <span class='ocrx_word' id='word_1_117' title='bbox 794 2293 883 2366; x_wconf 81' lang='lat' dir='ltr'><strong>urbs:</strong></span> <span class='ocrx_word' id='word_1_118' title='bbox 907 2294 964 2358; x_wconf 89' lang='lat' dir='ltr'><strong>hoo</strong></span> <span class='ocrx_word' id='word_1_119' title='bbox 987 2306 1109 2378; x_wconf 82' lang='lat' dir='ltr'><strong>pectore</strong></span> <span class='ocrx_word' id='word_1_120' title='bbox 1133 2305 1260 2368; x_wconf 82' lang='lat' dir='ltr'><strong>versant,</strong></span> <span class='ocrx_word' id='word_1_121' title='bbox 1327 2305 1404 2356; x_wconf 75' lang='lat' dir='ltr'><strong>aas·</strong></span> 
     </span>
     <span class='ocr_line' id='line_1_20' title="bbox 447 2380 1158 2463; baseline 0.001 -20"><span class='ocrx_word' id='word_1_122' title='bbox 447 2381 485 2444; x_wconf 85' lang='lat' dir='ltr'><strong>Et</strong></span> <span class='ocrx_word' id='word_1_123' title='bbox 506 2389 648 2463; x_wconf 88' lang='lat' dir='ltr'><strong>poterunt</strong></span> <span class='ocrx_word' id='word_1_124' title='bbox 669 2382 775 2444; x_wconf 88' lang='lat' dir='ltr'><strong>Graeoi</strong></span> <span class='ocrx_word' id='word_1_125' title='bbox 797 2380 926 2460; x_wconf 84' lang='lat' dir='ltr'><strong>subdere</strong></span> <span class='ocrx_word' id='word_1_126' title='bbox 950 2392 1056 2445; x_wconf 86' lang='lat' dir='ltr'><strong>anneta</strong></span> <span class='ocrx_word' id='word_1_127' title='bbox 1079 2385 1158 2444; x_wconf 83' lang='lat' dir='ltr'><strong>neci.</strong></span> 
     </span>
     <span class='ocr_line' id='line_1_21' title="bbox 406 2466 1157 2549; baseline 0 -21"><span class='ocrx_word' id='word_1_128' title='bbox 406 2466 446 2529; x_wconf 88' lang='lat' dir='ltr'><strong>Se</strong></span> <span class='ocrx_word' id='word_1_129' title='bbox 468 2466 577 2528; x_wconf 81' lang='lat' dir='ltr'><strong>Priami</strong></span> <span class='ocrx_word' id='word_1_130' title='bbox 601 2467 684 2529; x_wconf 84' lang='lat' dir='ltr'><strong>dedit</strong></span> <span class='ocrx_word' id='word_1_131' title='bbox 705 2477 775 2530; x_wconf 89' lang='lat' dir='ltr'><strong>ante</strong></span> <span class='ocrx_word' id='word_1_132' title='bbox 797 2469 877 2530; x_wconf 88' lang='lat' dir='ltr'><strong>iores</strong></span> <span class='ocrx_word' id='word_1_133' title='bbox 900 2469 1046 2545; x_wconf 76' lang='lat' dir='ltr'><strong>Antenor,</strong></span> <span class='ocrx_word' id='word_1_134' title='bbox 1069 2471 1157 2549; x_wconf 86' lang='lat' dir='ltr'><strong>eique</strong></span> 
     </span>
     <span class='ocr_line' id='line_1_22' title="bbox 448 2550 1107 2634; baseline 0.002 -21"><span class='ocrx_word' id='word_1_135' title='bbox 448 2551 502 2613; x_wconf 83' lang='lat' dir='ltr'><strong>Est</strong></span> <span class='ocrx_word' id='word_1_136' title='bbox 522 2550 716 2614; x_wconf 78' lang='lat' dir='ltr'><strong>Anchisiades</strong></span> <span class='ocrx_word' id='word_1_137' title='bbox 739 2553 973 2634; x_wconf 71' lang='lat' dir='ltr'><strong>Polydamasqua</strong></span> <span class='ocrx_word' id='word_1_138' title='bbox 996 2571 1107 2614; x_wconf 85' lang='lat' dir='ltr'><strong>comes.</strong></span> 
     </span>
     <span class='ocr_line' id='line_1_23' title="bbox 408 2636 1193 2717; baseline 0.001 -20"><span class='ocrx_word' id='word_1_139' title='bbox 408 2636 473 2697; x_wconf 82' lang='lat' dir='ltr'><strong>lior</strong></span> <span class='ocrx_word' id='word_1_140' title='bbox 495 2636 580 2697; x_wconf 87' lang='lat' dir='ltr'><strong>sedet</strong></span> <span class='ocrx_word' id='word_1_141' title='bbox 603 2645 633 2697; x_wconf 90' lang='lat' dir='ltr'><strong>et</strong></span> <span class='ocrx_word' id='word_1_142' title='bbox 655 2638 749 2699; x_wconf 89' lang='lat' dir='ltr'><strong>tristis</strong></span> <span class='ocrx_word' id='word_1_143' title='bbox 773 2636 841 2697; x_wconf 87' lang='lat' dir='ltr'><strong>heiii</strong></span> <span class='ocrx_word' id='word_1_144' title='bbox 864 2637 901 2698; x_wconf 87' lang='lat' dir='ltr'><strong>de</strong></span> <span class='ocrx_word' id='word_1_145' title='bbox 923 2638 1057 2717; x_wconf 88' lang='lat' dir='ltr'><strong>pondere</strong></span> <span class='ocrx_word' id='word_1_146' title='bbox 1079 2646 1193 2716; x_wconf 86' lang='lat' dir='ltr'><strong>pensat.</strong></span> 
     </span>
     <span class='ocr_line' id='line_1_24' title="bbox 449 2719 1382 2802; baseline -0.001 -21"><span class='ocrx_word' id='word_1_147' title='bbox 449 2719 558 2782; x_wconf 88' lang='lat' dir='ltr'><strong>Pensat</strong></span> <span class='ocrx_word' id='word_1_148' title='bbox 579 2739 668 2800; x_wconf 84' lang='lat' dir='ltr'><strong>qrrern</strong></span> <span class='ocrx_word' id='word_1_149' title='bbox 691 2723 779 2783; x_wconf 84' lang='lat' dir='ltr'><strong>tinem</strong></span> <span class='ocrx_word' id='word_1_150' title='bbox 804 2720 909 2783; x_wconf 90' lang='lat' dir='ltr'><strong>beiiioa</strong></span> <span class='ocrx_word' id='word_1_151' title='bbox 933 2721 1037 2802; x_wconf 85' lang='lat' dir='ltr'><strong>spatha</strong></span> <span class='ocrx_word' id='word_1_152' title='bbox 1060 2729 1150 2800; x_wconf 84' lang='lat' dir='ltr'><strong>potat.</strong></span> <span class='ocrx_word' id='word_1_153' title='bbox 1327 2732 1382 2780; x_wconf 78' lang='lat' dir='ltr'><strong>aro</strong></span> 
     </span>
     <span class='ocr_line' id='line_1_25' title="bbox 406 2801 1134 2883; baseline 0.003 -18"><span class='ocrx_word' id='word_1_154' title='bbox 406 2804 561 2882; x_wconf 79' lang='lat' dir='ltr'><strong>ingressos</strong></span> <span class='ocrx_word' id='word_1_155' title='bbox 582 2804 719 2868; x_wconf 86' lang='lat' dir='ltr'><strong>Priamus</strong></span> <span class='ocrx_word' id='word_1_156' title='bbox 741 2801 887 2883; x_wconf 82' lang='lat' dir='ltr'><strong>majorum</strong></span> <span class='ocrx_word' id='word_1_157' title='bbox 910 2824 995 2868; x_wconf 87' lang='lat' dir='ltr'><strong>more</strong></span> <span class='ocrx_word' id='word_1_158' title='bbox 1016 2804 1134 2876; x_wconf 82' lang='lat' dir='ltr'><strong>saintet,</strong></span> 
     </span>
     <span class='ocr_line' id='line_1_26' title="bbox 450 2885 1150 2972; baseline 0 -20"><span class='ocrx_word' id='word_1_159' title='bbox 450 2885 581 2970; x_wconf 84' lang='lat' dir='ltr'><strong>Semper</strong></span> <span class='ocrx_word' id='word_1_160' title='bbox 603 2888 691 2951; x_wconf 88' lang='lat' dir='ltr'><strong>homo</strong></span> <span class='ocrx_word' id='word_1_161' title='bbox 714 2891 812 2972; x_wconf 82' lang='lat' dir='ltr'><strong>potior</strong></span> <span class='ocrx_word' id='word_1_162' title='bbox 834 2891 925 2953; x_wconf 87' lang='lat' dir='ltr'><strong>dehet</strong></span> <span class='ocrx_word' id='word_1_163' title='bbox 946 2910 1034 2952; x_wconf 87' lang='lat' dir='ltr'><strong>avere</strong></span> <span class='ocrx_word' id='word_1_164' title='bbox 1057 2892 1150 2969; x_wconf 88' lang='lat' dir='ltr'><strong>prior.</strong></span> 
     </span>
     <span class='ocr_line' id='line_1_27' title="bbox 405 2974 1212 3046; baseline 0 -10"><span class='ocrx_word' id='word_1_165' title='bbox 405 2974 466 3042; x_wconf 86' lang='lat' dir='ltr'><strong>Est,</strong></span> <span class='ocrx_word' id='word_1_166' title='bbox 490 2976 581 3046; x_wconf 89' lang='lat' dir='ltr'><strong>aiunt,</strong></span> <span class='ocrx_word' id='word_1_167' title='bbox 606 2977 728 3038; x_wconf 90' lang='lat' dir='ltr'><strong>minima</strong></span> <span class='ocrx_word' id='word_1_168' title='bbox 751 2975 814 3046; x_wconf 85' lang='lat' dir='ltr'><strong>tibi,</strong></span> <span class='ocrx_word' id='word_1_169' title='bbox 838 2977 906 3038; x_wconf 84' lang='lat' dir='ltr'><strong>rex!</strong></span> <span class='ocrx_word' id='word_1_170' title='bbox 929 2978 1058 3038; x_wconf 87' lang='lat' dir='ltr'><strong>recitare</strong></span> <span class='ocrx_word' id='word_1_171' title='bbox 1080 2993 1212 3046; x_wconf 85' lang='lat' dir='ltr'><strong>neeesse,</strong></span> 
     </span>
     <span class='ocr_line' id='line_1_28' title="bbox 448 3056 1139 3143; baseline 0.004 -22"><span class='ocrx_word' id='word_1_172' title='bbox 448 3056 543 3121; x_wconf 81' lang='lat' dir='ltr'><strong>honis</strong></span> <span class='ocrx_word' id='word_1_173' title='bbox 564 3058 611 3122; x_wconf 85' lang='lat' dir='ltr'><strong>his</strong></span> <span class='ocrx_word' id='word_1_174' title='bbox 633 3063 732 3140; x_wconf 82' lang='lat' dir='ltr'><strong>quinis</strong></span> <span class='ocrx_word' id='word_1_175' title='bbox 754 3078 832 3143; x_wconf 84' lang='lat' dir='ltr'><strong>quae</strong></span> <span class='ocrx_word' id='word_1_176' title='bbox 855 3059 931 3123; x_wconf 88' lang='lat' dir='ltr'><strong>maia</strong></span> <span class='ocrx_word' id='word_1_177' title='bbox 953 3060 1040 3140; x_wconf 86' lang='lat' dir='ltr'><strong>&#39;Proja</strong></span> <span class='ocrx_word' id='word_1_178' title='bbox 1065 3061 1139 3124; x_wconf 90' lang='lat' dir='ltr'><strong>tuiit.</strong></span> 
     </span>
     <span class='ocr_line' id='line_1_29' title="bbox 407 3143 1378 3217; baseline 0.001 -15"><span class='ocrx_word' id='word_1_179' title='bbox 407 3143 553 3206; x_wconf 85' lang='lat' dir='ltr'><strong>Viderunt</strong></span> <span class='ocrx_word' id='word_1_180' title='bbox 573 3146 676 3214; x_wconf 78' lang='lat' dir='ltr'><strong>Troes,</strong></span> <span class='ocrx_word' id='word_1_181' title='bbox 700 3146 812 3217; x_wconf 80' lang='lat' dir='ltr'><strong>vidisti,</strong></span> <span class='ocrx_word' id='word_1_182' title='bbox 837 3145 964 3207; x_wconf 83' lang='lat' dir='ltr'><strong>vidimus</strong></span> <span class='ocrx_word' id='word_1_183' title='bbox 986 3163 1099 3214; x_wconf 91' lang='lat' dir='ltr'><strong>omnes,</strong></span> <span class='ocrx_word' id='word_1_184' title='bbox 1327 3153 1378 3203; x_wconf 81' lang='lat' dir='ltr'><strong>sto</strong></span> 
     </span>
     <span class='ocr_line' id='line_1_30' title="bbox 451 3226 1167 3308; baseline 0 -18"><span class='ocrx_word' id='word_1_185' title='bbox 451 3226 530 3297; x_wconf 85' lang='lat' dir='ltr'><strong>Ouot</strong></span> <span class='ocrx_word' id='word_1_186' title='bbox 551 3233 632 3308; x_wconf 87' lang='lat' dir='ltr'><strong>passi</strong></span> <span class='ocrx_word' id='word_1_187' title='bbox 655 3233 750 3292; x_wconf 91' lang='lat' dir='ltr'><strong>simus</strong></span> <span class='ocrx_word' id='word_1_188' title='bbox 772 3227 904 3294; x_wconf 81' lang='lat' dir='ltr'><strong>vulnera.</strong></span> <span class='ocrx_word' id='word_1_189' title='bbox 928 3229 1045 3302; x_wconf 85' lang='lat' dir='ltr'><strong>damna,</strong></span> <span class='ocrx_word' id='word_1_190' title='bbox 1068 3248 1167 3291; x_wconf 87' lang='lat' dir='ltr'><strong>neces.</strong></span> 
     </span>
    </p>
   </div>
   <div class='ocr_carea' id='block_1_8' title="bbox 403 3312 1290 3568">
    <p class='ocr_par' dir='ltr' id='par_1_10' title="bbox 403 3312 1290 3568">
     <span class='ocr_line' id='line_1_31' title="bbox 409 3312 1258 3397; baseline 0 -21"><span class='ocrx_word' id='word_1_191' title='bbox 409 3312 534 3376; x_wconf 88' lang='lat' dir='ltr'><strong>Ohsidet</strong></span> <span class='ocrx_word' id='word_1_192' title='bbox 556 3323 587 3375; x_wconf 89' lang='lat' dir='ltr'><strong>et</strong></span> <span class='ocrx_word' id='word_1_193' title='bbox 609 3314 720 3377; x_wconf 89' lang='lat' dir='ltr'><strong>oiaudit</strong></span> <span class='ocrx_word' id='word_1_194' title='bbox 740 3324 859 3378; x_wconf 88' lang='lat' dir='ltr'><strong>nostras</strong></span> <span class='ocrx_word' id='word_1_195' title='bbox 882 3334 987 3378; x_wconf 78' lang='lat' dir='ltr'><strong>maritis</strong></span> <span class='ocrx_word' id='word_1_196' title='bbox 1010 3315 1123 3377; x_wconf 84' lang='lat' dir='ltr'><strong>hostica</strong></span> <span class='ocrx_word' id='word_1_197' title='bbox 1146 3324 1258 3397; x_wconf 85' lang='lat' dir='ltr'><strong>portas,</strong></span> 
     </span>
     <span class='ocr_line' id='line_1_32' title="bbox 448 3398 1120 3483; baseline 0 -21"><span class='ocrx_word' id='word_1_198' title='bbox 448 3398 609 3471; x_wconf 86' lang='lat' dir='ltr'><strong>Libertate,</strong></span> <span class='ocrx_word' id='word_1_199' title='bbox 633 3402 696 3464; x_wconf 89' lang='lat' dir='ltr'><strong>neo&#39;</strong></span> <span class='ocrx_word' id='word_1_200' title='bbox 712 3413 767 3472; x_wconf 86' lang='lat' dir='ltr'><strong>est,</strong></span> <span class='ocrx_word' id='word_1_201' title='bbox 790 3403 840 3483; x_wconf 89' lang='lat' dir='ltr'><strong>qui</strong></span> <span class='ocrx_word' id='word_1_202' title='bbox 864 3401 1038 3464; x_wconf 83' lang='lat' dir='ltr'><strong>moderetur</strong></span> <span class='ocrx_word' id='word_1_203' title='bbox 1060 3419 1120 3463; x_wconf 89' lang='lat' dir='ltr'><strong>eas.</strong></span> 
     </span>
     <span class='ocr_line' id='line_1_33' title="bbox 403 3485 1290 3568; baseline 0.003 -21"><span class='ocrx_word' id='word_1_204' title='bbox 403 3485 478 3548; x_wconf 87' lang='lat' dir='ltr'><strong>&#39;Pam</strong></span> <span class='ocrx_word' id='word_1_205' title='bbox 501 3505 540 3548; x_wconf 87' lang='lat' dir='ltr'><strong>ne</strong></span> <span class='ocrx_word' id='word_1_206' title='bbox 562 3489 630 3568; x_wconf 92' lang='lat' dir='ltr'><strong>quis</strong></span> <span class='ocrx_word' id='word_1_207' title='bbox 654 3494 699 3550; x_wconf 89' lang='lat' dir='ltr'><strong>est</strong></span> <span class='ocrx_word' id='word_1_208' title='bbox 720 3487 825 3559; x_wconf 86' lang='lat' dir='ltr'><strong>audax,</strong></span> <span class='ocrx_word' id='word_1_209' title='bbox 850 3498 883 3551; x_wconf 90' lang='lat' dir='ltr'><strong>ut</strong></span> <span class='ocrx_word' id='word_1_210' title='bbox 905 3487 1008 3551; x_wconf 86' lang='lat' dir='ltr'><strong>limine</strong></span> <span class='ocrx_word' id='word_1_211' title='bbox 1030 3496 1118 3568; x_wconf 78' lang='lat' dir='ltr'><strong>cogat</strong></span> <span class='ocrx_word' id='word_1_212' title='bbox 1140 3485 1223 3550; x_wconf 90' lang='lat' dir='ltr'><strong>abire</strong></span> <span class='ocrx_word' id='word_1_213' title='bbox 1287 3529 1290 3535; x_wconf 86' lang='lat'><em>-</em></span> 
     </span>
    </p>
   </div>
   <div class='ocr_carea' id='block_1_9' title="bbox 406 3657 1382 3864">
    <p class='ocr_par' dir='ltr' id='par_1_11' title="bbox 406 3657 1382 3864">
     <span class='ocr_line' id='line_1_34' title="bbox 472 3657 1382 3727; baseline 0.001 -17"><span class='ocrx_word' id='word_1_214' title='bbox 472 3660 531 3711; x_wconf 70' lang='lat' dir='ltr'><strong>dli.</strong></span> <span class='ocrx_word' id='word_1_215' title='bbox 551 3659 636 3711; x_wconf 71' lang='lat' dir='ltr'><strong>stam</strong></span> <span class='ocrx_word' id='word_1_216' title='bbox 654 3659 741 3711; x_wconf 84' lang='lat' dir='ltr'><strong>Theb.</strong></span> <span class='ocrx_word' id='word_1_217' title='bbox 760 3659 809 3724; x_wconf 82' lang='lat' dir='ltr'><strong>iv,</strong></span> <span class='ocrx_word' id='word_1_218' title='bbox 827 3662 870 3724; x_wconf 75' lang='lat'><strong>23,</strong></span> <span class='ocrx_word' id='word_1_219' title='bbox 889 3661 938 3712; x_wconf 87' lang='lat' dir='ltr'><strong>obi</strong></span> <span class='ocrx_word' id='word_1_220' title='bbox 955 3676 1005 3726; x_wconf 82' lang='lat' dir='ltr'><strong>pro</strong></span> <span class='ocrx_word' id='word_1_221' title='bbox 1023 3659 1190 3724; x_wconf 82' lang='lat' dir='ltr'><strong>ululatibus,</strong></span> <span class='ocrx_word' id='word_1_222' title='bbox 1209 3657 1382 3727; x_wconf 71' lang='lat' dir='ltr'><strong>singultibus</strong></span> 
     </span>
     <span class='ocr_line' id='line_1_35' title="bbox 406 3727 998 3795; baseline 0 -15"><span class='ocrx_word' id='word_1_223' title='bbox 406 3727 518 3795; x_wconf 72' lang='lat' dir='ltr'><strong>iegitur.</strong></span> <span class='ocrx_word' id='word_1_224' title='bbox 587 3729 647 3782; x_wconf 78' lang='lat'>624.</span> <span class='ocrx_word' id='word_1_225' title='bbox 674 3727 773 3794; x_wconf 71' lang='lat' dir='ltr'><strong>virgil.</strong></span> <span class='ocrx_word' id='word_1_226' title='bbox 790 3732 859 3781; x_wconf 77' lang='lat' dir='ltr'><strong>Aen.</strong></span> <span class='ocrx_word' id='word_1_227' title='bbox 878 3730 928 3793; x_wconf 82' lang='lat' dir='ltr'><strong>xl.</strong></span> <span class='ocrx_word' id='word_1_228' title='bbox 947 3731 998 3782; x_wconf 77' lang='grc'><strong>672</strong></span> 
     </span>
     <span class='ocr_line' id='line_1_36' title="bbox 510 3797 974 3864; baseline 0.002 -17"><span class='ocrx_word' id='word_1_229' title='bbox 510 3797 683 3861; x_wconf 74' lang='lat' dir='ltr'><strong>Praecipites</strong></span> <span class='ocrx_word' id='word_1_230' title='bbox 703 3798 863 3864; x_wconf 81' lang='lat' dir='ltr'><strong>pariterque</strong></span> <span class='ocrx_word' id='word_1_231' title='bbox 881 3802 974 3854; x_wconf 80' lang='lat' dir='ltr'><strong>ruunt.</strong></span> 
     </span>
    </p>
   </div>
   <div class='ocr_carea' id='block_1_10' title="bbox 403 3864 1380 3990">
    <p class='ocr_par' dir='ltr' id='par_1_12' title="bbox 403 3864 1380 3990">
     <span class='ocr_line' id='line_1_37' title="bbox 474 3864 1380 3932; baseline 0 -16"><span class='ocrx_word' id='word_1_232' title='bbox 474 3867 533 3921; x_wconf 74' lang='lat'>4³0.</span> <span class='ocrx_word' id='word_1_233' title='bbox 569 3864 657 3918; x_wconf 80' lang='lat' dir='ltr'><strong>schol.</strong></span> <span class='ocrx_word' id='word_1_234' title='bbox 689 3865 723 3916; x_wconf 82' lang='lat' dir='ltr'><strong>ab</strong></span> <span class='ocrx_word' id='word_1_235' title='bbox 754 3865 850 3918; x_wconf 85' lang='lat' dir='ltr'><strong>ardore</strong></span> <span class='ocrx_word' id='word_1_236' title='bbox 881 3866 1032 3932; x_wconf 82' lang='lat' dir='ltr'><strong>pugnandi.</strong></span> <span class='ocrx_word' id='word_1_237' title='bbox 1136 3867 1194 3921; x_wconf 77' lang='lat'>640.</span> <span class='ocrx_word' id='word_1_238' title='bbox 1226 3880 1266 3932; x_wconf 75' lang='lat' dir='ltr'><strong>rip¹</strong></span> <span class='ocrx_word' id='word_1_239' title='bbox 1293 3866 1380 3917; x_wconf 84' lang='lat' dir='ltr'><strong>ansis</strong></span> 
     </span>
     <span class='ocr_line' id='line_1_38' title="bbox 403 3932 1145 3990; baseline 0.001 -5"><span class='ocrx_word' id='word_1_240' title='bbox 403 3935 463 3985; x_wconf 71' lang='lat' dir='ltr'><strong>dii.</strong></span> <span class='ocrx_word' id='word_1_241' title='bbox 484 3932 570 3985; x_wconf 87' lang='lat' dir='ltr'><strong>sohel.</strong></span> <span class='ocrx_word' id='word_1_242' title='bbox 591 3949 642 3985; x_wconf 83' lang='lat' dir='ltr'><strong>ave</strong></span> <span class='ocrx_word' id='word_1_243' title='bbox 661 3932 764 3985; x_wconf 80' lang='lat' dir='ltr'><strong>disere.</strong></span> <span class='ocrx_word' id='word_1_244' title='bbox 834 3935 894 3986; x_wconf 77' lang='lat'>644.</span> <span class='ocrx_word' id='word_1_245' title='bbox 915 3933 980 3989; x_wconf 85' lang='lat' dir='ltr'><strong>Ood</strong></span> <span class='ocrx_word' id='word_1_246' title='bbox 1000 3934 1145 3990; x_wconf 85' lang='lat' dir='ltr'><strong>bisbinis.</strong></span> 
     </span>
    </p>
   </div>
   <div class='ocr_carea' id='block_1_11' title="bbox 0 0 1675 4788">
    <p class='ocr_par' dir='ltr' id='par_1_13' title="bbox 0 0 1675 4788">
     <span class='ocr_line' id='line_1_39' title="bbox 0 0 1675 4788; baseline 0 0"><span class='ocrx_word' id='word_1_247' title='bbox 0 0 1675 4788; x_wconf 95' lang='lat' dir='ltr'><strong> </strong></span> 
     </span>
    </p>
   </div>
  </div>
 </body>
</html>
