3426 4786
397 608 440 674 56
695 657 696 661 ,
788 603 977 661 Tfflorumr

399 761 463 827 Per
484 759 705 826 iusiurandum
729 758 831 825 vicini
852 757 996 842 possidet
1016 777 1142 842 ugrum.

399 844 477 912 Non
499 844 612 910 Thetis
634 844 697 911 hoc
718 844 831 929 gessit,
855 864 923 909 non
945 841 1058 921 cudiit,
1081 845 1160 906 unte.
1178 841 1322 920 recessit

361 928 471 996 chec
492 951 551 1016 pro
574 951 607 996 se
631 950 797 1016 creperum
820 927 923 995 voluit
943 930 1088 1013 spectare
1111 925 1264 992 duellum.

399 1015 445 1083 llt
466 1015 569 1101 liquet
590 1037 628 1080 ex
653 1019 756 1081 ertum
778 1013 878 1081 Nerei
899 1034 957 1098 per
978 1013 1075 1078 litore
1097 1016 1221 1078 certum

401 1100 536 1167 Dulcem
559 1037 780 1166 wiltrordum
803 1121 819 1164 s
842 1097 937 1164 ecicli
959 1118 1090 1164 munere
1112 1097 1262 1162 functum

401 1185 501 1252 Posse
522 1185 588 1251 suis
610 1184 736 1250 meritis
757 1121 880 1250 retitur
902 1203 1086 1248 succurrere
1108 1180 1211 1248 lessio.

403 1270 491 1338 Hinc
512 1270 596 1337 solet
616 1293 655 1336 ex
677 1270 772 1356 virge
793 1269 869 1334 meli
893 1267 1032 1355 pendere
1055 1290 1218 1348 crumena,

364 1377 390 1418 o
403 1357 444 1423 In
466 1379 563 1442 quem
584 1357 783 1443 congeritur,
807 1355 891 1442 quod
913 1359 1105 1441 tempestate
1126 1357 1271 1435 vovetur,
1294 1361 1371 1419 tes*

404 1442 549 1530 Cumque
571 1443 636 1543 piis
657 1441 806 1529 precibus
828 1463 1030 1527 compressus
1052 1441 1184 1509 cesserit
1205 1445 1324 1526 cestus,

404 1534 455 1597 Ac
477 1533 627 1597 steterint
647 1533 738 1596 tutus
759 1550 884 1616 puppes
906 1527 1003 1595 solite
1024 1527 1172 1610 elutione,

406 1620 474 1684 Aut
495 1615 589 1683 detur
610 1615 753 1683 ecclesiis
775 1620 833 1682 uut
853 1615 990 1682 infirmis
1012 1616 1063 1681 vel
1085 1615 1206 1702 egenis.

447 1701 585 1770 XXXII.
599 1701 679 1789 Spes
691 1701 866 1787 desperetis
872 1700 1038 1768 Wilbrord
1050 1704 1109 1783 est,
1123 1722 1243 1768 encore
1254 1700 1374 1767 nentis.

366 1808 392 1848 sc
407 1787 501 1866 Quod
522 1809 595 1854 oum
617 1791 732 1853 notum
752 1787 804 1868 sit„
826 1787 928 1873 probo
949 1787 1107 1865 cermiue,
1127 1787 1238 1853 notius
1261 1790 1299 1852 ut
1320 1787 1373 1868 sit,

407 1873 559 1971 Urbeque
580 1873 619 1938 de
642 1873 730 1938 clere
751 1893 922 2020 personum
946 1873 1053 1955 deligo
1077 1871 1206 1938 cleram.

406 1957 570 2023 Hildrrcus
591 1956 716 2042 Trevir,
739 1957 815 2022 ceri
837 1955 943 2037 decus,
967 1957 1117 2044 egregius
1139 1957 1200 2041 vir,

406 2042 472 2108 Ivit
494 2041 698 2109 Hierusalem
720 2064 778 2128 per
800 2041 919 2140 nerim²
942 2043 1030 2127 pacis
1053 2042 1093 2106 cd
1115 2043 1239 2125 urbem,

408 2129 561 2194 Ancstesi
584 2128 741 2194 celebrem
765 2126 947 2211 salvatoris,
969 2125 1075 2192 stid
1098 2148 1214 2194 urcem.

368 2231 395 2272 ⁶⁵
409 2213 555 2297 Cumque
577 2213 628 2278 sui
650 2215 782 2279 comites
804 2212 967 2278 laxassent
987 2212 1068 2294 selu,
1091 2211 1253 2292 rudentes,

406 2297 586 2365 Incubuere
608 2298 689 2364 meri
712 2300 799 2364 fecto
822 2298 911 2364 velut
931 2298 1062 2384 agmine
1084 2297 1187 2363 venti:
1209 2325 1210 2330 ¹

407 2382 525 2449 Nullus
547 2385 582 2448 in
605 2383 711 2448 Aeolii
733 2387 912 2448 remoretur
934 2403 1060 2448 carcere
1082 2383 1161 2464 sexi,

409 2468 591 2534 Excutiunt
612 2471 730 2547 cestus,
754 2468 891 2534 volvunt
911 2467 951 2532 ad
973 2466 1068 2533 litore
1091 2467 1218 2536 fluctus.

410 2556 563 2639 Aequore
584 2556 678 2637 rupte
700 2552 810 2618 ferunt
830 2552 1069 2701 metuendaque
1090 2551 1137 2617 ful
1184 2573 1221 2618 rs
1244 2557 1378 2620 comunt

370 2657 396 2698 ce
409 2640 518 2721 Atque
540 2641 639 2702 ruunt
659 2640 730 2703 toto
752 2638 880 2703 concite
902 2637 1011 2722 pericu
1025 2661 1045 2702 c
1067 2659 1145 2703 mun
1168 2659 1198 2703 0.

408 2722 603 2808 'funguntur
624 2722 705 2788 velis
727 2722 829 2788 nubes
852 2727 885 2788 et
904 2726 992 2789 terre
1013 2722 1141 2805 cerinis,

410 2807 581 2874 Iutcntent
602 2807 710 2874 nentis
732 2807 812 2874 haec
834 2807 943 2875 omnic
966 2808 1100 2875 vulnere
1121 2808 1245 2875 mortis.

410 2895 451 2961 In
472 2897 565 2961 tenta
587 2894 684 2981 pluge
705 2894 877 2961 solvuntur
898 2894 1018 2982 frigore
1040 2895 1194 2980 membre,

411 2979 478 3048 Orc
498 3002 675 3066 manusque
698 2979 819 3068 levent,
840 2982 999 3066 precibus,
1023 2979 1218 3048 clamoribus
1240 2981 1378 3049 instent

372 3084 398 3126 es
410 3066 525 3134 Treuir
546 3067 700 3132 coelestes
722 3072 794 3134 oret
814 3089 872 3153 per
893 3067 1026 3133 nomine
1047 3067 1147 3133 cives:

412 3153 475 3219 Sed
496 3151 586 3218 Iesus
608 3152 735 3237 dormit,
759 3157 933 3238 tempestus
954 3152 1085 3220 horrida
1106 3154 1218 3219 saevit.

410 3237 461 3302 Ex
484 3235 620 3302 Morinis
642 3237 777 3322 pavidus
799 3238 891 3302 stetit
911 3238 946 3302 in
967 3243 1036 3303 rute
1060 3238 1194 3304 clericus
1217 3241 1308 3305 ortus

411 3325 461 3387 Ac
483 3319 686 3387 Willibrordi
708 3322 837 3388 monuit
857 3343 977 3388 nomen
999 3323 1140 3405 recitari,

412 3409 534 3471 Annus
554 3411 633 3472 tunc
655 3407 745 3472 cuius
768 3407 871 3473 coluit
892 3408 1063 3473 sollemnis
1083 3408 1234 3473 mundus.

376 3510 401 3550 u
413 3489 611 3557 Exclamant
631 3494 726 3557 umbo
749 3513 932 3577 nomenque
955 3493 1043 3558 cient
1064 3494 1165 3592 petris
1187 3495 1281 3558 umbo

412 3576 465 3662 ltt,
490 3576 604 3660 quenti
626 3577 733 3642 meriti
755 3578 807 3661 sit,
829 3577 950 3643 mundo
973 3578 1126 3662 penditur
1148 3577 1252 3645 omni:

480 3733 512 3782 4ι
537 3727 636 3782 littore
659 3728 720 3783 GT
790 3734 825 3784 44
846 3729 976 3784 crumino
999 3730 1058 3785 GT
1133 3735 1167 3786 48
1190 3729 1332 3787 eccclesiis
1356 3729 1383 3786 (ι’

413 3800 447 3850 49
464 3794 588 3850 anchore
608 3795 666 3851 GT
732 3800 766 3850 to
782 3795 879 3851 nucius
898 3796 957 3852 Gr
1019 3803 1053 3852 tt
1070 3797 1212 3866 Ancstmy
1231 3797 1289 3853 GT
1349 3805 1383 3852 55

412 3861 544 3930 Dumque
568 3863 594 3916 Τ
670 3861 796 3917 cultelii
820 3863 879 3919 01¹
916 3869 1078 3920 removetur
1102 3865 1128 3918 Τ
1204 3870 1238 3921 48
1260 3867 1336 3919 estus
1359 3865 1385 3918 T

413 3929 557 3986 littorcG
610 3936 642 3986 65
660 3931 779 3985 celestes
797 3932 824 3985 Τ
877 3937 911 3986 64
928 3931 1045 3988 sevltT
1100 3936 1134 3989 69
1151 3931 1310 4002 solempnis
1328 3931 1387 3990 GT
1496 3939 1504 3952 ⁹
