<?xml version="1.0" encoding="UTF-8"?>
<!DOCTYPE html PUBLIC "-//W3C//DTD XHTML 1.0 Transitional//EN"
    "http://www.w3.org/TR/xhtml1/DTD/xhtml1-transitional.dtd">
<html xmlns="http://www.w3.org/1999/xhtml" xml:lang="en" lang="en">
 <head>
  <title>
</title>
<meta http-equiv="Content-Type" content="text/html;charset=utf-8" />
  <meta name='ocr-system' content='tesseract 3.04.00' />
  <meta name='ocr-capabilities' content='ocr_page ocr_carea ocr_par ocr_line ocrx_word'/>
</head>
<body>
  <div class='ocr_page' id='page_1' title='image "./troilusalbertis01albegoog_0296.png"; bbox 0 0 3426 4786; ppageno 0'>
   <div class='ocr_carea' id='block_1_1' title="bbox 443 790 1279 860">
    <p class='ocr_par' dir='ltr' id='par_1_1' title="bbox 443 790 1279 860">
     <span class='ocr_line' id='line_1_1' title="bbox 443 790 1279 860; baseline 0.013 -12"><span class='ocrx_word' id='word_1_1' title='bbox 443 792 532 849; x_wconf 80' lang='lat' dir='ltr'>VITA</span> <span class='ocrx_word' id='word_1_2' title='bbox 550 790 797 849; x_wconf 72' lang='lat' dir='ltr'>witmundum</span> <span class='ocrx_word' id='word_1_3' title='bbox 815 791 992 851; x_wconf 70' lang='lat' dir='ltr'>nauales.</span> <span class='ocrx_word' id='word_1_4' title='bbox 1019 791 1088 849; x_wconf 83' lang='lat' dir='ltr'><strong>LIB.</strong></span> <span class='ocrx_word' id='word_1_5' title='bbox 1102 793 1137 848; x_wconf 89' lang='lat'>11.</span> <span class='ocrx_word' id='word_1_6' title='bbox 1234 793 1279 860; x_wconf 76' lang='grc'>’27</span> 
     </span>
    </p>
   </div>
   <div class='ocr_carea' id='block_1_2' title="bbox 251 948 1282 3773">
    <p class='ocr_par' dir='ltr' id='par_1_2' title="bbox 251 948 1282 3773">
     <span class='ocr_line' id='line_1_2' title="bbox 251 948 1165 1037; baseline 0.002 -25"><span class='ocrx_word' id='word_1_7' title='bbox 251 968 293 1010; x_wconf 75' lang='lat' dir='ltr'>esc</span> <span class='ocrx_word' id='word_1_8' title='bbox 306 948 344 1015; x_wconf 90' lang='lat' dir='ltr'>ln</span> <span class='ocrx_word' id='word_1_9' title='bbox 366 949 511 1015; x_wconf 89' lang='lat' dir='ltr'>nondum</span> <span class='ocrx_word' id='word_1_10' title='bbox 534 949 661 1037; x_wconf 81' lang='lat' dir='ltr'>genitos</span> <span class='ocrx_word' id='word_1_11' title='bbox 684 952 733 1014; x_wconf 87' lang='lat' dir='ltr'>est</span> <span class='ocrx_word' id='word_1_12' title='bbox 755 948 837 1015; x_wconf 93' lang='lat' dir='ltr'>ultio</span> <span class='ocrx_word' id='word_1_13' title='bbox 859 949 934 1014; x_wconf 86' lang='lat' dir='ltr'>fusa</span> <span class='ocrx_word' id='word_1_14' title='bbox 954 948 1165 1034; x_wconf 89' lang='lat' dir='ltr'>propinquos.</span> 
     </span>
     <span class='ocr_line' id='line_1_3' title="bbox 306 1034 1000 1101; baseline -0.006 0"><span class='ocrx_word' id='word_1_15' title='bbox 306 1035 356 1101; x_wconf 79' lang='lat' dir='ltr'>nx</span> <span class='ocrx_word' id='word_1_16' title='bbox 377 1035 483 1100; x_wconf 87' lang='lat' dir='ltr'>radice</span> <span class='ocrx_word' id='word_1_17' title='bbox 506 1036 591 1100; x_wconf 85' lang='lat' dir='ltr'>mula</span> <span class='ocrx_word' id='word_1_18' title='bbox 613 1034 749 1100; x_wconf 87' lang='lat' dir='ltr'>ramalia</span> <span class='ocrx_word' id='word_1_19' title='bbox 770 1038 849 1100; x_wconf 91' lang='lat' dir='ltr'>sunt</span> <span class='ocrx_word' id='word_1_20' title='bbox 869 1034 1000 1100; x_wconf 85' lang='lat' dir='ltr'>vitiata:</span> 
     </span>
     <span class='ocr_line' id='line_1_4' title="bbox 307 1117 1181 1205; baseline -0.002 -20"><span class='ocrx_word' id='word_1_21' title='bbox 307 1119 346 1185; x_wconf 91' lang='lat' dir='ltr'>ln</span> <span class='ocrx_word' id='word_1_22' title='bbox 367 1123 495 1204; x_wconf 90' lang='lat' dir='ltr'>tempus</span> <span class='ocrx_word' id='word_1_23' title='bbox 516 1140 669 1205; x_wconf 84' lang='lat' dir='ltr'>praesens</span> <span class='ocrx_word' id='word_1_24' title='bbox 691 1117 863 1184; x_wconf 87' lang='lat' dir='ltr'>damnatur</span> <span class='ocrx_word' id='word_1_25' title='bbox 884 1122 1036 1205; x_wconf 83' lang='lat' dir='ltr'>postuma</span> <span class='ocrx_word' id='word_1_26' title='bbox 1058 1118 1181 1202; x_wconf 86' lang='lat' dir='ltr'>proles,</span> 
     </span>
     <span class='ocr_line' id='line_1_5' title="bbox 308 1202 1191 1289; baseline -0.002 -21"><span class='ocrx_word' id='word_1_27' title='bbox 308 1203 449 1289; x_wconf 81' lang='lat' dir='ltr'>Longius</span> <span class='ocrx_word' id='word_1_28' title='bbox 472 1209 529 1269; x_wconf 89' lang='lat' dir='ltr'>aut</span> <span class='ocrx_word' id='word_1_29' title='bbox 550 1204 680 1268; x_wconf 84' lang='lat' dir='ltr'>brevius</span> <span class='ocrx_word' id='word_1_30' title='bbox 701 1204 832 1286; x_wconf 88' lang='lat' dir='ltr'>crescit,</span> <span class='ocrx_word' id='word_1_31' title='bbox 855 1202 1012 1268; x_wconf 75' lang='lat' dir='ltr'><strong>decrescit</strong></span> <span class='ocrx_word' id='word_1_32' title='bbox 1034 1204 1069 1267; x_wconf 94' lang='lat' dir='ltr'>in</span> <span class='ocrx_word' id='word_1_33' title='bbox 1091 1205 1191 1282; x_wconf 86' lang='lat' dir='ltr'>artus,</span> 
     </span>
     <span class='ocr_line' id='line_1_6' title="bbox 307 1284 1081 1385; baseline -0.003 -33"><span class='ocrx_word' id='word_1_34' title='bbox 307 1289 374 1352; x_wconf 88' lang='lat' dir='ltr'>Aut</span> <span class='ocrx_word' id='word_1_35' title='bbox 395 1284 586 1372; x_wconf 72' lang='lat' dir='ltr'>deturpetur</span> <span class='ocrx_word' id='word_1_36' title='bbox 607 1288 659 1352; x_wconf 82' lang='lat' dir='ltr'>vel</span> <span class='ocrx_word' id='word_1_37' title='bbox 681 1286 778 1353; x_wconf 81' lang='lat' dir='ltr'>foeda</span> <span class='ocrx_word' id='word_1_38' title='bbox 798 1291 889 1372; x_wconf 86' lang='lat' dir='ltr'>peste</span> <span class='ocrx_word' id='word_1_39' title='bbox 911 1290 1081 1385; x_wconf 67' lang='lat' dir='ltr'>gravatur¹</span> 
     </span>
     <span class='ocr_line' id='line_1_7' title="bbox 252 1369 1045 1457; baseline -0.003 -19"><span class='ocrx_word' id='word_1_40' title='bbox 252 1386 292 1428; x_wconf 75' lang='lat'>¹⁵⁶</span> <span class='ocrx_word' id='word_1_41' title='bbox 307 1373 365 1438; x_wconf 76' lang='lat' dir='ltr'>nu</span> <span class='ocrx_word' id='word_1_42' title='bbox 387 1373 450 1438; x_wconf 83' lang='lat' dir='ltr'>sibi</span> <span class='ocrx_word' id='word_1_43' title='bbox 473 1373 620 1439; x_wconf 76' lang='lat' dir='ltr'>dedecori</span> <span class='ocrx_word' id='word_1_44' title='bbox 642 1372 766 1457; x_wconf 89' lang='lat' dir='ltr'>totique</span> <span class='ocrx_word' id='word_1_45' title='bbox 788 1371 943 1438; x_wconf 80' lang='lat' dir='ltr'>notabilis</span> <span class='ocrx_word' id='word_1_46' title='bbox 965 1369 1045 1436; x_wconf 92' lang='lat' dir='ltr'>orbi.</span> 
     </span>
     <span class='ocr_line' id='line_1_8' title="bbox 306 1456 1134 1544; baseline -0.002 -22"><span class='ocrx_word' id='word_1_47' title='bbox 306 1457 365 1522; x_wconf 85' lang='lat' dir='ltr'>llst</span> <span class='ocrx_word' id='word_1_48' title='bbox 387 1478 463 1523; x_wconf 79' lang='lat' dir='ltr'>sero</span> <span class='ocrx_word' id='word_1_49' title='bbox 484 1457 622 1544; x_wconf 90' lang='lat' dir='ltr'>populus</span> <span class='ocrx_word' id='word_1_50' title='bbox 644 1477 771 1524; x_wconf 88' lang='lat' dir='ltr'>summa</span> <span class='ocrx_word' id='word_1_51' title='bbox 792 1456 964 1523; x_wconf 86' lang='lat' dir='ltr'>formidine</span> <span class='ocrx_word' id='word_1_52' title='bbox 987 1476 1134 1539; x_wconf 86' lang='lat' dir='ltr'>pressus,</span> 
     </span>
     <span class='ocr_line' id='line_1_9' title="bbox 257 1541 1111 1628; baseline -0.004 -22"><span class='ocrx_word' id='word_1_53' title='bbox 257 1541 264 1552; x_wconf 87' lang='lat'>&#39;</span> <span class='ocrx_word' id='word_1_54' title='bbox 306 1541 441 1624; x_wconf 88' lang='lat' dir='ltr'>Palluit,</span> <span class='ocrx_word' id='word_1_55' title='bbox 465 1543 611 1628; x_wconf 83' lang='lat' dir='ltr'>expavit,</span> <span class='ocrx_word' id='word_1_56' title='bbox 632 1563 700 1605; x_wconf 90' lang='lat' dir='ltr'>non</span> <span class='ocrx_word' id='word_1_57' title='bbox 721 1541 830 1606; x_wconf 83' lang='lat' dir='ltr'>vivere</span> <span class='ocrx_word' id='word_1_58' title='bbox 875 1561 945 1606; x_wconf 90' lang='lat' dir='ltr'>osse</span> <span class='ocrx_word' id='word_1_59' title='bbox 967 1541 1111 1623; x_wconf 82' lang='lat' dir='ltr'>putavit,</span> 
     </span>
     <span class='ocr_line' id='line_1_10' title="bbox 308 1564 1012 1713; baseline -0.004 -21"><span class='ocrx_word' id='word_1_60' title='bbox 308 1625 430 1713; x_wconf 83' lang='lat' dir='ltr'>begato</span> <span class='ocrx_word' id='word_1_61' title='bbox 452 1626 575 1693; x_wconf 90' lang='lat' dir='ltr'>domini</span> <span class='ocrx_word' id='word_1_62' title='bbox 596 1647 631 1692; x_wconf 90' lang='lat' dir='ltr'>se</span> <span class='ocrx_word' id='word_1_63' title='bbox 652 1627 726 1694; x_wconf 89' lang='lat' dir='ltr'>nisu</span> <span class='ocrx_word' id='word_1_64' title='bbox 749 1564 892 1692; x_wconf 88' lang='lat' dir='ltr'>subdidit</span> <span class='ocrx_word' id='word_1_65' title='bbox 913 1623 1012 1691; x_wconf 91' lang='lat' dir='ltr'>omni.</span> 
     </span>
     <span class='ocr_line' id='line_1_11' title="bbox 308 1709 1200 1798; baseline -0.004 -19"><span class='ocrx_word' id='word_1_66' title='bbox 308 1711 373 1780; x_wconf 82' lang='lat' dir='ltr'>Ocu</span> <span class='ocrx_word' id='word_1_67' title='bbox 395 1713 517 1778; x_wconf 83' lang='lat' dir='ltr'>iontem</span> <span class='ocrx_word' id='word_1_68' title='bbox 542 1733 655 1778; x_wconf 85' lang='lat' dir='ltr'>cervus</span> <span class='ocrx_word' id='word_1_69' title='bbox 676 1715 752 1797; x_wconf 93' lang='lat' dir='ltr'>post</span> <span class='ocrx_word' id='word_1_70' title='bbox 773 1712 933 1798; x_wconf 78' lang='lat' dir='ltr'>anguinos</span> <span class='ocrx_word' id='word_1_71' title='bbox 955 1709 1026 1776; x_wconf 88' lang='lat' dir='ltr'>sitit</span> <span class='ocrx_word' id='word_1_72' title='bbox 1047 1709 1200 1794; x_wconf 88' lang='lat' dir='ltr'>haustus,</span> 
     </span>
     <span class='ocr_line' id='line_1_12' title="bbox 256 1796 961 1865; baseline -0.007 0"><span class='ocrx_word' id='word_1_73' title='bbox 256 1815 296 1855; x_wconf 74' lang='lat'>²⁶⁰</span> <span class='ocrx_word' id='word_1_74' title='bbox 309 1797 361 1865; x_wconf 86' lang='lat' dir='ltr'>Sic</span> <span class='ocrx_word' id='word_1_75' title='bbox 384 1799 418 1862; x_wconf 92' lang='lat' dir='ltr'>in</span> <span class='ocrx_word' id='word_1_76' title='bbox 440 1798 533 1862; x_wconf 82' lang='lat' dir='ltr'>vitali</span> <span class='ocrx_word' id='word_1_77' title='bbox 554 1798 636 1862; x_wconf 90' lang='lat' dir='ltr'>sitiit</span> <span class='ocrx_word' id='word_1_78' title='bbox 657 1819 691 1863; x_wconf 90' lang='lat' dir='ltr'>se</span> <span class='ocrx_word' id='word_1_79' title='bbox 713 1797 804 1862; x_wconf 86' lang='lat' dir='ltr'>fonte</span> <span class='ocrx_word' id='word_1_80' title='bbox 826 1796 961 1862; x_wconf 90' lang='lat' dir='ltr'>renasci.</span> 
     </span>
     <span class='ocr_line' id='line_1_13' title="bbox 310 1881 1102 1964; baseline -0.004 -16"><span class='ocrx_word' id='word_1_81' title='bbox 310 1882 454 1949; x_wconf 86' lang='lat' dir='ltr'>Delubra</span> <span class='ocrx_word' id='word_1_82' title='bbox 475 1881 649 1963; x_wconf 84' lang='lat' dir='ltr'>destruxit,</span> <span class='ocrx_word' id='word_1_83' title='bbox 672 1882 783 1950; x_wconf 83' lang='lat' dir='ltr'>divina</span> <span class='ocrx_word' id='word_1_84' title='bbox 804 1881 947 1948; x_wconf 86' lang='lat' dir='ltr'>sacraria</span> <span class='ocrx_word' id='word_1_85' title='bbox 967 1881 1102 1964; x_wconf 85' lang='lat' dir='ltr'>struxit,</span> 
     </span>
     <span class='ocr_line' id='line_1_14' title="bbox 309 1967 1112 2056; baseline -0.006 -19"><span class='ocrx_word' id='word_1_86' title='bbox 309 1967 408 2037; x_wconf 74' lang='lat' dir='ltr'>Error</span> <span class='ocrx_word' id='word_1_87' title='bbox 430 1969 499 2036; x_wconf 89' lang='lat' dir='ltr'>abit</span> <span class='ocrx_word' id='word_1_88' title='bbox 520 1973 612 2036; x_wconf 83' lang='lat' dir='ltr'>vetus</span> <span class='ocrx_word' id='word_1_89' title='bbox 635 1972 668 2036; x_wconf 90' lang='lat' dir='ltr'>et</span> <span class='ocrx_word' id='word_1_90' title='bbox 689 1969 808 2036; x_wconf 87' lang='lat' dir='ltr'>veteris</span> <span class='ocrx_word' id='word_1_91' title='bbox 830 1968 968 2056; x_wconf 91' lang='lat' dir='ltr'>pollutio</span> <span class='ocrx_word' id='word_1_92' title='bbox 992 1967 1112 2047; x_wconf 87' lang='lat' dir='ltr'>cultus,</span> 
     </span>
     <span class='ocr_line' id='line_1_15' title="bbox 311 2055 1186 2124; baseline -0.002 -2"><span class='ocrx_word' id='word_1_93' title='bbox 311 2055 393 2124; x_wconf 84' lang='lat' dir='ltr'>Luce</span> <span class='ocrx_word' id='word_1_94' title='bbox 416 2078 502 2123; x_wconf 83' lang='lat' dir='ltr'>nova</span> <span class='ocrx_word' id='word_1_95' title='bbox 523 2057 676 2124; x_wconf 74' lang='lat' dir='ltr'>tenebrae</span> <span class='ocrx_word' id='word_1_96' title='bbox 699 2061 823 2123; x_wconf 86' lang='lat' dir='ltr'>veteres</span> <span class='ocrx_word' id='word_1_97' title='bbox 845 2055 1019 2122; x_wconf 90' lang='lat' dir='ltr'>truduntur</span> <span class='ocrx_word' id='word_1_98' title='bbox 1041 2055 1186 2121; x_wconf 77' lang='lat' dir='ltr'>abactae.</span> 
     </span>
     <span class='ocr_line' id='line_1_16' title="bbox 311 2141 1202 2231; baseline -0.004 -21"><span class='ocrx_word' id='word_1_99' title='bbox 311 2141 332 2211; x_wconf 89' lang='lat' dir='ltr'>S</span> <span class='ocrx_word' id='word_1_100' title='bbox 356 2165 456 2210; x_wconf 91' lang='lat' dir='ltr'>onsus</span> <span class='ocrx_word' id='word_1_101' title='bbox 479 2144 525 2210; x_wconf 91' lang='lat' dir='ltr'>ibi</span> <span class='ocrx_word' id='word_1_102' title='bbox 547 2165 699 2231; x_wconf 80' lang='lat' dir='ltr'>sponsam</span> <span class='ocrx_word' id='word_1_103' title='bbox 722 2143 871 2210; x_wconf 85' lang='lat' dir='ltr'>Christus</span> <span class='ocrx_word' id='word_1_104' title='bbox 893 2141 986 2208; x_wconf 87' lang='lat' dir='ltr'>duxit</span> <span class='ocrx_word' id='word_1_105' title='bbox 1007 2141 1202 2228; x_wconf 86' lang='lat' dir='ltr'>speciosam,</span> 
     </span>
     <span class='ocr_line' id='line_1_17' title="bbox 253 2226 1231 2317; baseline 0.001 -27"><span class='ocrx_word' id='word_1_106' title='bbox 253 2247 295 2290; x_wconf 78' lang='lat' dir='ltr'>ass</span> <span class='ocrx_word' id='word_1_107' title='bbox 338 2234 369 2296; x_wconf 91' lang='lat' dir='ltr'>st</span> <span class='ocrx_word' id='word_1_108' title='bbox 389 2229 557 2297; x_wconf 89' lang='lat' dir='ltr'>Wilbrord</span> <span class='ocrx_word' id='word_1_109' title='bbox 580 2230 696 2317; x_wconf 83' lang='lat' dir='ltr'>dignus</span> <span class='ocrx_word' id='word_1_110' title='bbox 719 2230 822 2295; x_wconf 87' lang='lat' dir='ltr'>factus</span> <span class='ocrx_word' id='word_1_111' title='bbox 846 2231 956 2314; x_wconf 89' lang='lat' dir='ltr'>sponsi</span> <span class='ocrx_word' id='word_1_112' title='bbox 979 2226 1231 2312; x_wconf 81' lang='lat' dir='ltr'>paranymphus,</span> 
     </span>
     <span class='ocr_line' id='line_1_18' title="bbox 307 2313 1282 2401; baseline -0.004 -20"><span class='ocrx_word' id='word_1_113' title='bbox 307 2313 390 2382; x_wconf 81' lang='lat' dir='ltr'>Sunt</span> <span class='ocrx_word' id='word_1_114' title='bbox 410 2337 470 2401; x_wconf 91' lang='lat' dir='ltr'>per</span> <span class='ocrx_word' id='word_1_115' title='bbox 490 2337 564 2381; x_wconf 90' lang='lat' dir='ltr'>eum</span> <span class='ocrx_word' id='word_1_116' title='bbox 586 2315 740 2400; x_wconf 79' lang='lat' dir='ltr'>pulchrae</span> <span class='ocrx_word' id='word_1_117' title='bbox 756 2314 833 2380; x_wconf 86' lang='lat' dir='ltr'>data</span> <span class='ocrx_word' id='word_1_118' title='bbox 851 2314 985 2400; x_wconf 85' lang='lat' dir='ltr'>pulchra</span> <span class='ocrx_word' id='word_1_119' title='bbox 998 2313 1134 2378; x_wconf 91' lang='lat' dir='ltr'>monilia</span> <span class='ocrx_word' id='word_1_120' title='bbox 1149 2317 1282 2398; x_wconf 83' lang='lat' dir='ltr'>nuptae.</span> 
     </span>
     <span class='ocr_line' id='line_1_19' title="bbox 309 2398 1194 2487; baseline -0.005 -21"><span class='ocrx_word' id='word_1_121' title='bbox 309 2399 458 2485; x_wconf 88' lang='lat' dir='ltr'>Dumque</span> <span class='ocrx_word' id='word_1_122' title='bbox 481 2422 587 2466; x_wconf 90' lang='lat' dir='ltr'>moras</span> <span class='ocrx_word' id='word_1_123' title='bbox 609 2403 737 2487; x_wconf 83' lang='lat' dir='ltr'>ageret,</span> <span class='ocrx_word' id='word_1_124' title='bbox 759 2398 924 2485; x_wconf 80' lang='lat' dir='ltr'>sponsalia</span> <span class='ocrx_word' id='word_1_125' title='bbox 945 2398 1194 2484; x_wconf 86' lang='lat' dir='ltr'>multiplicaret,</span> 
     </span>
     <span class='ocr_line' id='line_1_20' title="bbox 309 2482 1135 2570; baseline -0.005 -19"><span class='ocrx_word' id='word_1_126' title='bbox 309 2485 474 2570; x_wconf 78' lang='lat' dir='ltr'>Comperit</span> <span class='ocrx_word' id='word_1_127' title='bbox 495 2487 609 2551; x_wconf 89' lang='lat' dir='ltr'>oceani</span> <span class='ocrx_word' id='word_1_128' title='bbox 631 2508 728 2570; x_wconf 88' lang='lat' dir='ltr'>snper</span> <span class='ocrx_word' id='word_1_129' title='bbox 749 2507 847 2570; x_wconf 84' lang='lat' dir='ltr'>agros</span> <span class='ocrx_word' id='word_1_130' title='bbox 869 2485 1004 2550; x_wconf 86' lang='lat' dir='ltr'>flumina</span> <span class='ocrx_word' id='word_1_131' title='bbox 1026 2482 1135 2566; x_wconf 86' lang='lat' dir='ltr'>fundi,</span> 
     </span>
     <span class='ocr_line' id='line_1_21' title="bbox 309 2569 1026 2656; baseline 0.001 -23"><span class='ocrx_word' id='word_1_132' title='bbox 309 2571 414 2635; x_wconf 77' lang='lat' dir='ltr'>Aedes</span> <span class='ocrx_word' id='word_1_133' title='bbox 436 2571 530 2636; x_wconf 76' lang='lat' dir='ltr'>aselli</span> <span class='ocrx_word' id='word_1_134' title='bbox 553 2574 710 2656; x_wconf 67' lang='lat' dir='ltr'>reamque</span> <span class='ocrx_word' id='word_1_135' title='bbox 732 2569 890 2655; x_wconf 83' lang='lat' dir='ltr'>voragine</span> <span class='ocrx_word' id='word_1_136' title='bbox 912 2569 1026 2656; x_wconf 84' lang='lat' dir='ltr'>mergi.</span> 
     </span>
     <span class='ocr_line' id='line_1_22' title="bbox 257 2654 1151 2740; baseline -0.002 -21"><span class='ocrx_word' id='word_1_137' title='bbox 257 2671 297 2712; x_wconf 66' lang='lat'>2⁴1⁰</span> <span class='ocrx_word' id='word_1_138' title='bbox 311 2654 371 2719; x_wconf 72' lang='lat' dir='ltr'>ltst</span> <span class='ocrx_word' id='word_1_139' title='bbox 393 2655 482 2722; x_wconf 90' lang='lat' dir='ltr'>nisus</span> <span class='ocrx_word' id='word_1_140' title='bbox 504 2655 655 2740; x_wconf 81' lang='lat' dir='ltr'>precibus</span> <span class='ocrx_word' id='word_1_141' title='bbox 678 2659 783 2720; x_wconf 87' lang='lat' dir='ltr'>motos</span> <span class='ocrx_word' id='word_1_142' title='bbox 806 2670 997 2740; x_wconf 86' lang='lat' dir='ltr'>componere</span> <span class='ocrx_word' id='word_1_143' title='bbox 1020 2654 1151 2735; x_wconf 88' lang='lat' dir='ltr'>tinctus,</span> 
     </span>
     <span class='ocr_line' id='line_1_23' title="bbox 309 2739 1164 2822; baseline -0.001 -18"><span class='ocrx_word' id='word_1_144' title='bbox 309 2740 408 2806; x_wconf 84' lang='lat' dir='ltr'>Moles</span> <span class='ocrx_word' id='word_1_145' title='bbox 432 2741 592 2807; x_wconf 87' lang='lat' dir='ltr'>undarum</span> <span class='ocrx_word' id='word_1_146' title='bbox 614 2740 761 2807; x_wconf 88' lang='lat' dir='ltr'>nativum</span> <span class='ocrx_word' id='word_1_147' title='bbox 784 2739 882 2806; x_wconf 92' lang='lat' dir='ltr'>trusit</span> <span class='ocrx_word' id='word_1_148' title='bbox 903 2740 936 2805; x_wconf 94' lang='lat' dir='ltr'>in</span> <span class='ocrx_word' id='word_1_149' title='bbox 960 2739 1084 2822; x_wconf 83' lang='lat' dir='ltr'>alvum,</span> <span class='ocrx_word' id='word_1_150' title='bbox 1161 2813 1164 2820; x_wconf 26' lang='lat'><em>¹</em></span> 
     </span>
     <span class='ocr_line' id='line_1_24' title="bbox 306 2825 1069 2904; baseline -0.001 -13"><span class='ocrx_word' id='word_1_151' title='bbox 306 2827 434 2892; x_wconf 88' lang='lat' dir='ltr'>Obiecit</span> <span class='ocrx_word' id='word_1_152' title='bbox 455 2832 562 2893; x_wconf 83' lang='lat' dir='ltr'>vectes</span> <span class='ocrx_word' id='word_1_153' title='bbox 584 2828 728 2892; x_wconf 87' lang='lat' dir='ltr'>cumulos</span> <span class='ocrx_word' id='word_1_154' title='bbox 750 2826 890 2892; x_wconf 76' lang='lat' dir='ltr'>extantia</span> <span class='ocrx_word' id='word_1_155' title='bbox 911 2825 1069 2904; x_wconf 86' lang='lat' dir='ltr'>harenae,</span> 
     </span>
     <span class='ocr_line' id='line_1_25' title="bbox 310 2908 1281 2998; baseline -0.008 -22"><span class='ocrx_word' id='word_1_156' title='bbox 310 2911 413 2977; x_wconf 88' lang='lat' dir='ltr'>instar</span> <span class='ocrx_word' id='word_1_157' title='bbox 435 2912 522 2977; x_wconf 89' lang='lat' dir='ltr'>enim</span> <span class='ocrx_word' id='word_1_158' title='bbox 545 2912 629 2977; x_wconf 92' lang='lat' dir='ltr'>muri</span> <span class='ocrx_word' id='word_1_159' title='bbox 650 2912 743 2978; x_wconf 90' lang='lat' dir='ltr'>stetit</span> <span class='ocrx_word' id='word_1_160' title='bbox 764 2911 846 2977; x_wconf 88' lang='lat' dir='ltr'>obex</span> <span class='ocrx_word' id='word_1_161' title='bbox 868 2911 980 2998; x_wconf 79' lang='lat' dir='ltr'>glarea</span> <span class='ocrx_word' id='word_1_162' title='bbox 1002 2908 1104 2994; x_wconf 90' lang='lat' dir='ltr'>ponti.</span> <span class='ocrx_word' id='word_1_163' title='bbox 1205 2914 1281 2970; x_wconf 70' lang='grc' dir='ltr'>272Γ</span> 
     </span>
     <span class='ocr_line' id='line_1_26' title="bbox 309 2994 1199 3083; baseline -0.004 -21"><span class='ocrx_word' id='word_1_164' title='bbox 309 2995 413 3062; x_wconf 87' lang='lat' dir='ltr'>Durat</span> <span class='ocrx_word' id='word_1_165' title='bbox 433 2997 468 3063; x_wconf 89' lang='lat' dir='ltr'>in</span> <span class='ocrx_word' id='word_1_166' title='bbox 490 2999 523 3062; x_wconf 91' lang='lat' dir='ltr'>id</span> <span class='ocrx_word' id='word_1_167' title='bbox 546 3002 687 3082; x_wconf 86' lang='lat' dir='ltr'>tempus,</span> <span class='ocrx_word' id='word_1_168' title='bbox 712 2997 766 3061; x_wconf 93' lang='lat' dir='ltr'>hic</span> <span class='ocrx_word' id='word_1_169' title='bbox 787 2996 950 3083; x_wconf 73' lang='lat' dir='ltr'>frangitur</span> <span class='ocrx_word' id='word_1_170' title='bbox 971 2994 1199 3080; x_wconf 81' lang='lat' dir='ltr'>Ennosigaeus</span> 
     </span>
     <span class='ocr_line' id='line_1_27' title="bbox 253 3079 1093 3161; baseline -0.004 -15"><span class='ocrx_word' id='word_1_171' title='bbox 253 3097 295 3137; x_wconf 70' lang='lat'>21⁵</span> <span class='ocrx_word' id='word_1_172' title='bbox 308 3079 377 3146; x_wconf 90' lang='lat' dir='ltr'>Nec</span> <span class='ocrx_word' id='word_1_173' title='bbox 398 3082 517 3147; x_wconf 86' lang='lat' dir='ltr'>transit</span> <span class='ocrx_word' id='word_1_174' title='bbox 537 3087 657 3147; x_wconf 84' lang='lat' dir='ltr'>metam</span> <span class='ocrx_word' id='word_1_175' title='bbox 679 3081 755 3146; x_wconf 89' lang='lat' dir='ltr'>fidei</span> <span class='ocrx_word' id='word_1_176' title='bbox 777 3082 897 3146; x_wconf 80' lang='lat' dir='ltr'>virtute</span> <span class='ocrx_word' id='word_1_177' title='bbox 919 3082 1093 3161; x_wconf 90' lang='lat' dir='ltr'>statutam,</span> 
     </span>
     <span class='ocr_line' id='line_1_28' title="bbox 307 3163 1207 3251; baseline -0.006 -20"><span class='ocrx_word' id='word_1_178' title='bbox 307 3165 368 3231; x_wconf 90' lang='lat' dir='ltr'>Sed</span> <span class='ocrx_word' id='word_1_179' title='bbox 392 3165 484 3251; x_wconf 91' lang='lat' dir='ltr'>quasi</span> <span class='ocrx_word' id='word_1_180' title='bbox 507 3167 717 3251; x_wconf 82' lang='lat' dir='ltr'>compedibus</span> <span class='ocrx_word' id='word_1_181' title='bbox 740 3165 820 3230; x_wconf 87' lang='lat' dir='ltr'>furit</span> <span class='ocrx_word' id='word_1_182' title='bbox 841 3165 928 3230; x_wconf 86' lang='lat' dir='ltr'>intra</span> <span class='ocrx_word' id='word_1_183' title='bbox 950 3164 1048 3230; x_wconf 88' lang='lat' dir='ltr'>litora</span> <span class='ocrx_word' id='word_1_184' title='bbox 1068 3163 1207 3227; x_wconf 84' lang='lat' dir='ltr'>vinctus.</span> 
     </span>
     <span class='ocr_line' id='line_1_29' title="bbox 308 3246 1243 3336; baseline -0.005 -21"><span class='ocrx_word' id='word_1_185' title='bbox 308 3248 335 3315; x_wconf 96' lang='lat'>0</span> <span class='ocrx_word' id='word_1_186' title='bbox 358 3252 498 3336; x_wconf 88' lang='lat' dir='ltr'>quantus</span> <span class='ocrx_word' id='word_1_187' title='bbox 520 3254 663 3335; x_wconf 90' lang='lat' dir='ltr'>constat,</span> <span class='ocrx_word' id='word_1_188' title='bbox 686 3251 850 3336; x_wconf 82' lang='lat' dir='ltr'>quietare</span> <span class='ocrx_word' id='word_1_189' title='bbox 873 3250 954 3314; x_wconf 86' lang='lat' dir='ltr'>mari</span> <span class='ocrx_word' id='word_1_190' title='bbox 976 3248 1082 3328; x_wconf 87' lang='lat' dir='ltr'>iubet,</span> <span class='ocrx_word' id='word_1_191' title='bbox 1106 3249 1140 3312; x_wconf 89' lang='lat' dir='ltr'>et</span> <span class='ocrx_word' id='word_1_192' title='bbox 1161 3246 1243 3311; x_wconf 84' lang='lat' dir='ltr'>stat!</span> 
     </span>
     <span class='ocr_line' id='line_1_30' title="bbox 307 3333 1186 3423; baseline -0.006 -21"><span class='ocrx_word' id='word_1_193' title='bbox 307 3335 382 3402; x_wconf 92' lang='lat' dir='ltr'>Non</span> <span class='ocrx_word' id='word_1_194' title='bbox 404 3336 518 3402; x_wconf 90' lang='lat' dir='ltr'>Iosuae</span> <span class='ocrx_word' id='word_1_195' title='bbox 540 3336 664 3423; x_wconf 88' lang='lat' dir='ltr'>dispar,</span> <span class='ocrx_word' id='word_1_196' title='bbox 687 3336 744 3422; x_wconf 93' lang='lat' dir='ltr'>qui</span> <span class='ocrx_word' id='word_1_197' title='bbox 766 3336 873 3402; x_wconf 89' lang='lat' dir='ltr'>Iesum</span> <span class='ocrx_word' id='word_1_198' title='bbox 896 3335 1029 3402; x_wconf 88' lang='lat' dir='ltr'>nomine</span> <span class='ocrx_word' id='word_1_199' title='bbox 1051 3333 1186 3419; x_wconf 80' lang='lat' dir='ltr'>signans</span> 
     </span>
     <span class='ocr_line' id='line_1_31' title="bbox 308 3421 1083 3508; baseline -0.003 -20"><span class='ocrx_word' id='word_1_200' title='bbox 308 3423 407 3490; x_wconf 89' lang='lat' dir='ltr'>lussit</span> <span class='ocrx_word' id='word_1_201' title='bbox 430 3423 585 3490; x_wconf 90' lang='lat' dir='ltr'>declivem</span> <span class='ocrx_word' id='word_1_202' title='bbox 610 3422 747 3489; x_wconf 88' lang='lat' dir='ltr'>flammis</span> <span class='ocrx_word' id='word_1_203' title='bbox 770 3421 959 3508; x_wconf 82' lang='lat' dir='ltr'>Hyperiona</span> <span class='ocrx_word' id='word_1_204' title='bbox 981 3425 1083 3502; x_wconf 86' lang='lat' dir='ltr'>stare,</span> 
     </span>
     <span class='ocr_line' id='line_1_32' title="bbox 258 3507 1118 3600; baseline -0.007 -20"><span class='ocrx_word' id='word_1_205' title='bbox 258 3509 477 3600; x_wconf 75' lang='lat' dir='ltr'>²⁸⁰Nusqunnr</span> <span class='ocrx_word' id='word_1_206' title='bbox 500 3511 659 3600; x_wconf 84' lang='lat' dir='ltr'>provolvi,</span> <span class='ocrx_word' id='word_1_207' title='bbox 682 3533 750 3578; x_wconf 95' lang='lat' dir='ltr'>non</span> <span class='ocrx_word' id='word_1_208' title='bbox 774 3534 793 3578; x_wconf 92' lang='lat' dir='ltr'>a</span> <span class='ocrx_word' id='word_1_209' title='bbox 815 3509 956 3577; x_wconf 85' lang='lat' dir='ltr'>statione</span> <span class='ocrx_word' id='word_1_210' title='bbox 978 3507 1118 3588; x_wconf 83' lang='lat' dir='ltr'>moveri,</span> 
     </span>
     <span class='ocr_line' id='line_1_33' title="bbox 309 3593 1237 3689; baseline -0.01 -21"><span class='ocrx_word' id='word_1_211' title='bbox 309 3600 423 3669; x_wconf 88' lang='lat' dir='ltr'>Donec</span> <span class='ocrx_word' id='word_1_212' title='bbox 444 3601 653 3689; x_wconf 80' lang='lat' dir='ltr'>magnificum</span> <span class='ocrx_word' id='word_1_213' title='bbox 675 3600 818 3667; x_wconf 88' lang='lat' dir='ltr'>duxisset</span> <span class='ocrx_word' id='word_1_214' title='bbox 840 3599 881 3664; x_wconf 90' lang='lat' dir='ltr'>ab</span> <span class='ocrx_word' id='word_1_215' title='bbox 905 3599 999 3665; x_wconf 89' lang='lat' dir='ltr'>hoste</span> <span class='ocrx_word' id='word_1_216' title='bbox 1020 3593 1237 3682; x_wconf 84' lang='lat' dir='ltr'>triumphum,</span> 
     </span>
     <span class='ocr_line' id='line_1_34' title="bbox 312 3684 1033 3773; baseline -0.007 -19"><span class='ocrx_word' id='word_1_217' title='bbox 312 3687 426 3755; x_wconf 89' lang='lat' dir='ltr'>Pacem</span> <span class='ocrx_word' id='word_1_218' title='bbox 448 3687 622 3773; x_wconf 86' lang='lat' dir='ltr'>proselytis</span> <span class='ocrx_word' id='word_1_219' title='bbox 644 3688 805 3753; x_wconf 87' lang='lat' dir='ltr'>firmasset</span> <span class='ocrx_word' id='word_1_220' title='bbox 827 3684 1033 3751; x_wconf 86' lang='lat' dir='ltr'>Gabaonitis:</span> 
     </span>
    </p>
   </div>
   <div class='ocr_carea' id='block_1_3' title="bbox 308 3849 1287 4200">
    <p class='ocr_par' dir='ltr' id='par_1_3' title="bbox 308 3849 1287 4200">
     <span class='ocr_line' id='line_1_35' title="bbox 377 3849 1283 3933; baseline -0.006 -22"><span class='ocrx_word' id='word_1_221' title='bbox 377 3863 429 3912; x_wconf 76' lang='lat'>250</span> <span class='ocrx_word' id='word_1_222' title='bbox 446 3857 524 3911; x_wconf 84' lang='lat' dir='ltr'>ulcio</span> <span class='ocrx_word' id='word_1_223' title='bbox 544 3856 602 3912; x_wconf 82' lang='lat' dir='ltr'>GT</span> <span class='ocrx_word' id='word_1_224' title='bbox 669 3863 719 3912; x_wconf 79' lang='grc'>261</span> <span class='ocrx_word' id='word_1_225' title='bbox 738 3854 922 3933; x_wconf 60' lang='lat' dir='ltr'>viciatostl&#39;</span> <span class='ocrx_word' id='word_1_226' title='bbox 989 3859 1039 3908; x_wconf 80' lang='grc'>252</span> <span class='ocrx_word' id='word_1_227' title='bbox 1059 3849 1283 3922; x_wconf 82' lang='lat' dir='ltr'>presensdamp·</span> 
     </span>
     <span class='ocr_line' id='line_1_36' title="bbox 309 3918 1287 3979; baseline -0.007 0"><span class='ocrx_word' id='word_1_228' title='bbox 309 3925 393 3979; x_wconf 84' lang='lat' dir='ltr'>natur</span> <span class='ocrx_word' id='word_1_229' title='bbox 432 3925 564 3979; x_wconf 88' lang='lat' dir='ltr'>ostbuma</span> <span class='ocrx_word' id='word_1_230' title='bbox 583 3924 641 3979; x_wconf 81' lang='lat' dir='ltr'>GT</span> <span class='ocrx_word' id='word_1_231' title='bbox 690 3931 741 3979; x_wconf 76' lang='grc'>254</span> <span class='ocrx_word' id='word_1_232' title='bbox 759 3923 884 3978; x_wconf 78' lang='lat' dir='ltr'>iaedaG</span> <span class='ocrx_word' id='word_1_233' title='bbox 919 3921 1024 3977; x_wconf 85' lang='lat' dir='ltr'>iedaT</span> <span class='ocrx_word' id='word_1_234' title='bbox 1074 3926 1125 3975; x_wconf 85' lang='grc'>260</span> <span class='ocrx_word' id='word_1_235' title='bbox 1141 3918 1287 3974; x_wconf 84' lang='lat' dir='ltr'>siciitGT</span> 
     </span>
     <span class='ocr_line' id='line_1_37' title="bbox 308 3985 1287 4048; baseline -0.006 -1"><span class='ocrx_word' id='word_1_236' title='bbox 308 3998 357 4047; x_wconf 78' lang='lat'>271</span> <span class='ocrx_word' id='word_1_237' title='bbox 377 4008 415 4047; x_wconf 86' lang='lat' dir='ltr'>na</span> <span class='ocrx_word' id='word_1_238' title='bbox 430 3991 505 4047; x_wconf 85' lang='lat' dir='ltr'>’vam</span> <span class='ocrx_word' id='word_1_239' title='bbox 523 3992 550 4048; x_wconf 86' lang='lat' dir='ltr'><em>T</em></span> <span class='ocrx_word' id='word_1_240' title='bbox 617 3997 667 4046; x_wconf 88' lang='grc'>272</span> <span class='ocrx_word' id='word_1_241' title='bbox 686 3990 822 4047; x_wconf 83' lang='lat' dir='ltr'>exstantis</span> <span class='ocrx_word' id='word_1_242' title='bbox 841 3991 900 4046; x_wconf 80' lang='lat' dir='ltr'>GT</span> <span class='ocrx_word' id='word_1_243' title='bbox 966 3995 1017 4044; x_wconf 82' lang='grc'>274</span> <span class='ocrx_word' id='word_1_244' title='bbox 1034 3987 1128 4043; x_wconf 81' lang='lat' dir='ltr'>Ennos</span> <span class='ocrx_word' id='word_1_245' title='bbox 1170 3985 1287 4044; x_wconf 80' lang='lat' dir='ltr'>aensT</span> 
     </span>
     <span class='ocr_line' id='line_1_38' title="bbox 309 4005 1285 4181; baseline -0.004 -68"><span class='ocrx_word' id='word_1_246' title='bbox 309 4060 538 4140; x_wconf 74' lang='lat' dir='ltr'>EnnosygeusG</span> <span class='ocrx_word' id='word_1_247' title='bbox 599 4065 650 4115; x_wconf 84' lang='grc'>276</span> <span class='ocrx_word' id='word_1_248' title='bbox 667 4059 766 4139; x_wconf 73' lang='lat' dir='ltr'>littora</span> <span class='ocrx_word' id='word_1_249' title='bbox 785 4060 812 4114; x_wconf 86' lang='lat' dir='ltr'><em>G</em></span> <span class='ocrx_word' id='word_1_250' title='bbox 876 4065 927 4112; x_wconf 83' lang='grc'>272</span> <span class='ocrx_word' id='word_1_251' title='bbox 945 4005 1147 4181; x_wconf 70' lang='lat' dir='ltr'>yperycnati</span> <span class='ocrx_word' id='word_1_252' title='bbox 1233 4059 1285 4110; x_wconf 83' lang='grc'>280</span> 
     </span>
     <span class='ocr_line' id='line_1_39' title="bbox 309 4124 1083 4200; baseline -0.005 -17"><span class='ocrx_word' id='word_1_253' title='bbox 309 4129 435 4184; x_wconf 79' lang='lat' dir='ltr'>stacione</span> <span class='ocrx_word' id='word_1_254' title='bbox 455 4128 481 4185; x_wconf 79' lang='lat' dir='ltr'><em>G</em></span> <span class='ocrx_word' id='word_1_255' title='bbox 550 4135 601 4186; x_wconf 77' lang='grc'>282</span> <span class='ocrx_word' id='word_1_256' title='bbox 618 4127 761 4200; x_wconf 74' lang='lat' dir='ltr'>proselitis</span> <span class='ocrx_word' id='word_1_257' title='bbox 778 4159 811 4168; x_wconf 98' lang='lat'>-</span> <span class='ocrx_word' id='word_1_258' title='bbox 830 4126 966 4196; x_wconf 82' lang='lat' dir='ltr'>Gabaony</span> <span class='ocrx_word' id='word_1_259' title='bbox 982 4143 1005 4180; x_wconf 87' lang='lat' dir='ltr'>n</span> <span class='ocrx_word' id='word_1_260' title='bbox 1024 4124 1083 4182; x_wconf 83' lang='lat' dir='ltr'>GT</span> 
     </span>
    </p>
   </div>
   <div class='ocr_carea' id='block_1_4' title="bbox 0 0 1723 4786">
    <p class='ocr_par' dir='ltr' id='par_1_4' title="bbox 0 0 1723 4786">
     <span class='ocr_line' id='line_1_40' title="bbox 0 0 1723 4786; baseline 0 0"><span class='ocrx_word' id='word_1_261' title='bbox 0 0 1723 4786; x_wconf 95' lang='lat' dir='ltr'> </span> 
     </span>
    </p>
   </div>
  </div>
 </body>
</html>
