3372 4788
652 726 940 790 Pnotueonnm.
1223 747 1289 799 xlx

314 865 457 970 ephebus,
486 887 641 952 consueta
667 884 829 952 veteribus
858 884 991 953 Graecis
1014 890 1047 953 et
1069 885 1194 954 Latinis
1215 907 1289 974 pro·

314 971 478 1038 nuntiatio
507 971 677 1059 optineat?
723 971 785 1037 His
827 973 929 1074 igitur
962 972 1107 1060 vestigiis
1142 973 1288 1074 quamvis

316 1056 468 1124 tenuibus
490 1056 696 1124 Thiolridum
847 1059 1018 1146 ehnguae
1051 1080 1120 1125 non
1154 1079 1288 1124 ommno

315 1143 464 1230 ignarum
487 1143 589 1210 fuisse
610 1146 715 1230 patet,
751 1144 885 1210 aetionis
907 1149 1015 1210 antem
1043 1165 1178 1232 graecae
1200 1143 1311 1230 apud.

314 1250 386 1293 euru
416 1230 595 1314 specimina
623 1228 779 1316 indagare
829 1229 898 1295 otui
925 1229 1024 1299 nulla.
1067 1229 1129 1296 Sed
1166 1250 1288 1308 vereor,

314 1334 355 1379 ne
377 1315 464 1382 iusto
480 1314 611 1400 longior
624 1315 741 1380 luerim
756 1252 917 1381 inhaere
932 1315 1155 1401 explanende3
1177 1335 1290 1400 quam-

317 1399 427 1464 obrem
451 1400 491 1465 ad
513 1421 585 1465 eam
608 1403 731 1484 partem
753 1401 915 1485 propositi
941 1401 1003 1466 mei
1028 1403 1177 1484 transeo,
1206 1421 1290 1486 quas

316 1487 367 1550 est
387 1483 427 1548 de
448 1483 609 1549 Thioiridi
631 1506 667 1550 re
689 1485 833 1550 metrica
1351 1531 1354 1538 ,

396 1567 606 1668 ‘conscripta'
617 1573 665 1634 eat
681 1568 758 1668 lfita
774 1566 1129 1669 Willibrordimotrioa
1143 1567 1291 1667 uersibus

315 1650 452 1719 heroion
467 1657 563 1738 atque
578 1674 635 1737 ere,
650 1675 707 1738 qur
718 1657 884 1737 nouantur,
901 1652 1050 1719 leoninus.
1074 1651 1144 1718 Hos
1158 1655 1206 1718 rta
1220 1673 1290 1718 esee

316 1742 535 1836 comparatos,
565 1741 603 1803 ut
628 1737 729 1803 totius
757 1758 869 1803 versus
897 1758 961 1802 vox
984 1737 1092 1803 finalis
1115 1738 1150 1802 et
1169 1736 1291 1820 prioris

313 1824 414 1905 parus
436 1843 498 1887 vox
520 1825 664 1888 extrema
685 1821 753 1887 sint
775 1821 1063 1902 homoeoteleuton,
1085 1821 1162 1904 sire,
1185 1823 1224 1886 ut
1239 1841 1289 1886 ra-

318 1908 461 1975 oeutiore
495 1907 634 1994 quodam
675 1908 816 1975 termino
849 1911 938 1990 utar,
970 1909 1053 1974 tineo
1088 1907 1283 1974 coniunctae

314 2015 411 2060 nemo
441 1999 492 2061 est
518 1995 575 2095 qui
603 1995 736 2065 neseiat.
786 1993 848 2062 Sed
876 2017 948 2062 oum
977 1995 1172 2080 seriptorum
1194 1957 1293 2059 medii

315 2080 397 2165 aeri,
413 2079 471 2181 qui
486 2080 616 2167 quidem
631 2081 775 2183 carmine
788 2080 893 2182 latina
907 2085 1089 2183 pangentes
1104 2079 1292 2182 hexametro

316 2165 1291 2339 tttttthtthtrittttthltt'ttt‘lhttlt

318 2339 374 2405 aad
396 2343 506 2440 tamen
528 2339 625 2441 longe
647 2339 779 2441 plurimi
801 2361 913 2407 remus
935 2339 1138 2427 singularum
1153 2337 1291 2439 syllaba·

319 2425 1294 2611 117,171111321160111,1521611211

316 2595 1294 2782 atalenumlemainnuen

319 2769 481 2836 lentorum
519 2791 640 2859 genera
694 2771 783 2838 riora
810 2769 1004 2837 illustranda
1037 2768 1193 2855 exemplis
1226 2789 1294 2834 non

318 2877 400 2941 opua
421 2856 481 2942 sit,
504 2877 626 2944 pauoos
647 2793 780 2923 ahenam
801 2878 930 2943 versus,
952 2856 987 2922 in
1024 2855 1118 2922 uibus
1133 2875 1193 2941 pro
1207 2853 1292 2920 rimo

317 2964 399 3028 puro
422 2944 612 3010 assonantia
632 2944 766 3029 optinet
806 2942 914 3028 Igitur
936 2877 1030 3008 1288
1053 2939 1295 3007 homoeoteleu-

319 3031 425 3094 torum
440 3049 574 3094 munera
589 3028 772 3114 funguntur
786 3029 1013 3094 acclamatum
1035 3029 1069 3092 et
1076 3025 1292 3109 pontificatu,

321 3110 417 3177 1372
439 3113 601 3178 maeatae
622 3116 655 3176 at
670 3113 806 3194 Actum,
828 3111 931 3176 1400
952 3131 1035 3176 eam
1057 3113 1092 3174 et
1112 3110 1294 3186 comitatu,

317 3193 332 3258 l
362 3196 427 3260 600
453 3197 655 3262 nutarent
681 3200 715 3260 et
741 3197 886 3260 veniret.
932 3193 1028 3259 Tales
1061 3213 1173 3257 versus
1207 3192 1294 3255 inter

317 3278 391 3365 plus
418 3279 481 3344 duo
509 3278 617 3362 milia,
650 3300 668 3344 e
701 3279 818 3364 quibus
850 3281 955 3344 totum
989 3297 1119 3343 carmon
1156 3277 1295 3358 constat,

318 3363 448 3430 circiter
469 3365 678 3452 septuaginta
698 3363 920 3429 inveniuntur.

402 3449 500 3518 Sedes
528 3451 646 3537 prioris
668 3448 918 3551 homoeoteleuti
939 3469 1008 3514 non
1030 3449 1120 3514 certa
1142 3447 1216 3598 eat}¹
1236 3445 1293 3545 sagi

317 3535 1296 3710 1001071100εὲ1111610οῖ3]

324 3711 394 3778 133.
426 3712 497 3790 141.Ι
529 3709 598 3777 149.
626 3709 700 3777 328.
723 3708 795 3776 423.
861 3709 892 3774 6.
937 3706 967 3772 11
1000 3707 1050 3772 10.
1073 3705 1124 3771 28.
1147 3705 1200 3774 46.
1221 3703 1295 3770 329.

317 3797 392 3862 336.
420 3796 495 3862 374.
522 3797 597 3863 375.
625 3794 699 3862 474.
730 3796 805 3863 591.
835 3793 910 3860 592.
959 3791 1008 3857 lll
1036 3791 1089 3856 80.
1122 3791 1193 3857 100.
1220 3788 1295 3857 236.

318 3880 367 3948 IV
393 3883 441 3952 13.
464 3881 538 3948 200.
562 3882 634 3949 305.
658 3880 732 3948 306.
755 3880 829 3947 324.
851 3878 930 3979 346)
959 3876 1012 3943 vel
1033 3897 1107 3942 oum
1129 3873 1297 3941 trochaica

334 3968 457 4037 11746.
479 3967 601 4060 11186)
623 3967 673 4034 rel
689 3988 760 4034 aum
777 3964 1006 4033 trithemrmeri
1029 3962 1061 4050 (Ι
1075 3962 1151 4028 427.
1174 3960 1207 4028 ll
1225 3960 1296 4027 148.

337 4057 366 4122 V
389 4057 476 4147 362).
512 4055 756 4142 Nonnunquam
779 4053 875 4121 etiam
899 4053 990 4141 prius
1013 4047 1294 4117 homoeoteleuton

1087 4151 1123 4208 b*
