3340 4788
544 782 605 837 Lib.
624 783 676 837 ill.
710 797 736 837 r.
755 783 900 837 eut-tta.

238 943 366 1006 Hectora
389 950 547 1005 cernentes
570 941 692 1003 uriuime
715 939 839 1022 procliue
862 938 979 1019 Pelasgi

279 1029 422 1090 {esistunt
443 1025 612 1107 Phrygibus
634 1030 789 1106 asperiore
811 1029 871 1088 siti.

238 1113 389 1184 Aeacides,
413 1113 506 1174 Danai
529 1111 698 1192 protendite
722 1110 860 1174 brachia!
883 1110 1001 1178 elamat.

282 1195 412 1274 velaque
435 1199 485 1259 dat
507 1198 640 1276 quamvis
661 1197 777 1274 remige
800 1199 882 1258 naris
905 1202 972 1265 eat;

238 1280 299 1344 Nec
321 1290 405 1343 vacat
428 1284 459 1343 in
482 1281 562 1344 ballo
584 1299 638 1342 sua
661 1280 793 1349 dextera.
818 1281 933 1342 lortiter
956 1281 1021 1360 ipse

281 1365 421 1429 Fortibus
445 1366 587 1436 occurrit,
610 1365 724 1427 lunatica
747 1364 822 1428 colla
847 1368 941 1427 metit.

240 1453 272 1515 lu
295 1451 393 1514 vultus
415 1452 496 1514 cadit
518 1449 567 1513 ille
591 1469 671 1521 suos.
695 1451 884 1530 calidumque
909 1465 1049 1512 cruorem

282 1539 342 1601 Orc
365 1537 465 1604 uomit,
490 1537 585 1598 rivum
609 1538 764 1613 sanguinis
785 1535 836 1597 ille
859 1534 944 1597 bibit.

240 1623 297 1685 llic
320 1621 394 1692 obit,
418 1621 469 1684 lric
491 1619 574 1692 obiit,
598 1620 647 1682 laic
673 1618 807 1702 palpitat,
833 1620 884 1683 ille
906 1620 1043 1701 quiescit,

282 1707 438 1770 Crorlescit
461 1725 593 1787 campus,
617 1706 762 1785 sanguine
785 1714 887 1768 manat
910 1705 1029 1766 humus.

239 1791 415 1854 Succumbit
435 1790 566 1871 Trojana
589 1808 705 1862 manus.
731 1791 887 1872 sparsique
912 1788 1005 1870 fugati

281 1877 305 1939 Δ
329 1877 437 1938 llanals
458 1875 568 1937 Teucri
593 1877 685 1939 caede
707 1895 797 1938 ruere
819 1877 913 1952 gravi.

240 1964 394 2045 lueipiunt
416 1961 531 2027 ululare
554 1963 687 2044 Phryges
709 1965 838 2026 inlausta
863 1961 996 2033 boantes,

283 2051 344 2114 lam
367 2049 424 2113 sibi
446 2048 614 2112 debuerant
635 2069 719 2130 spem
743 2052 880 2131 posuisse
902 2049 1015 2128 lugam.

417 2234 479 2290 luc
499 2233 650 2291 fluorum
667 2231 782 2289 vnnlr
801 2232 853 2289 AD
871 2231 1038 2292 PUGNAM.

244 2358 357 2421 llector
379 2365 413 2420 ut
435 2358 550 2437 accepit
572 2374 711 2420 occasum
735 2355 812 2419 bella
836 2359 945 2421 minari

284 2442 425 2512 Proibus,
449 2444 577 2523 accingit
599 2445 733 2522 gnaviter
756 2462 827 2506 ense
851 2443 937 2505 latus.

243 2528 346 2591 Evolat
368 2531 529 2597 accinctus,
552 2531 734 2610 veniensque
756 2526 853 2591 leonis
876 2528 911 2590 ad
936 2531 1030 2590 instar

286 2615 318 2676 ln
341 2611 413 2676 belli
437 2612 537 2674 medio
560 2612 700 2676 fulminat
723 2633 794 2677 ense
819 2616 898 2683 lero:

243 2701 374 2764 l’ercutit
397 2709 425 2762 ot
448 2707 556 2764 rnactat
579 2709 608 2763 ct
630 2701 776 2779 sanguine
798 2700 923 2763 vulnera
947 2697 1041 2772 laxat:

287 2787 380 2857 Potio,
405 2805 493 2868 quam
519 2789 634 2858 miscet,
658 2786 763 2868 pocula
788 2789 892 2850 mortis
914 2785 1016 2849 habet.

244 2874 391 2952 Principis
414 2872 540 2934 aduentu
565 2872 722 2935 redierunt
745 2875 835 2936 corrla
859 2874 1001 2944 virorum,

287 2959 338 3020 list
360 2961 392 3020 in
415 2976 479 3019 rem
503 2975 620 3040 pugnae
643 2976 712 3040 spes
734 2961 844 3021 variata
868 2959 970 3038 lngae.

246 3042 367 3105 Prosilit
387 3041 533 3104 illustrem
557 3045 640 3105 lorus
662 3041 772 3106 llectcr
795 3047 825 3105 in
850 3044 1052 3115 ldomeneum,

289 3126 405 3204 llejicit,
429 3126 592 3188 obtruncat
614 3135 644 3187 et
667 3129 742 3206 pede
766 3128 859 3191 calcat
882 3147 962 3190 eum.

245 3211 368 3293 lphirlus
390 3210 539 3274 Hectoreo
563 3214 595 3273 tlt
616 3213 734 3273 sauctus
757 3231 846 3284 ense;
871 3213 1000 3273 Leontel

287 3295 401 3365 Nescis,
425 3296 504 3376 quod
527 3294 665 3377 scapulas
687 3297 793 3358 dissuit
815 3296 865 3358 ille
887 3296 962 3356 tlbit

245 3381 304 3442 Serl
327 3380 473 3451 Stheneli,
497 3383 583 3444 cuius
605 3379 698 3442 rolult
719 3382 896 3461 transfigere
921 3390 1065 3452 ventrem,

290 3465 443 3528 [illabente
464 3485 554 3528 manu
579 3468 713 3548 prrlorat
736 3486 809 3530 ense
830 3468 941 3530 lemur.

246 3623 450 3633 .-.-—---—·-

313 3709 373 3760 429.
392 3707 546 3774 palpitatu
565 3709 690 3774 margine
709 3725 771 3776 pro:
791 3709 930 3776 palmitnt.
984 3711 1044 3762 tar.
1065 3726 1079 3760 a
1097 3709 1221 3777 margine

246 3790 310 3844 pro:
329 3776 467 3830 sucbubit.
543 3779 602 3829 482.
622 3794 671 3844 pro
690 3779 779 3834 codic.
798 3779 907 3834 Trouci.
988 3780 1049 3832 445.
1068 3779 1157 3833 Dares
1174 3793 1221 3828 no-

245 3845 446 3964 pappeppbinoi
468 3843 563 3900 habat.
633 3848 691 3897 tto.
716 3846 780 3898 Cori.
805 3848 873 3912 ipse.
944 3849 1002 3898 etr.
1023 3847 1062 3898 St.
1087 3863 1135 3912 pro
1161 3846 1221 3900 eorl.
