3340 4788
441 678 500 744 116
751 676 812 728 Lib.
832 676 880 736 lv,
903 693 930 729 v.
946 673 1092 731 rae-4622

437 834 604 899 succedent
626 831 731 897 tardae
752 832 845 914 regali
869 843 1036 906 stemmata,
1059 852 1169 917 sponsa

480 923 533 985 ilis
556 928 605 984 tua
630 919 749 984 deliciis
771 930 815 983 est
838 920 982 1002 potiunda
1005 920 1076 992 tibi;
1356 931 1408 981 440

437 1007 499 1072 Nee
522 1008 623 1092 tepida
646 1007 796 1072 desiderio
818 1007 1021 1088 pulcherrima
1044 1013 1128 1088 virgo

479 1096 651 1159 rendered
676 1096 834 1158 adventum
859 1095 934 1157 laeta
958 1093 1115 1177 libensque
1138 1103 1231 1160 tuum.

436 1185 479 1244 Tu
502 1199 622 1263 quoque
644 1179 724 1242 nulia
748 1183 829 1243 seres
852 1181 995 1262 deinceps
1017 1182 1203 1243 incommoda
1225 1181 1344 1263 Troiae,

482 1268 518 1331 Ut
540 1273 656 1348 repetat
678 1268 790 1347 patrios
813 1265 937 1329 Graecia
960 1265 1037 1329 lassa
1060 1266 1148 1330 lares.

437 1353 534 1417 illusit
555 1353 682 1424 blandis,
705 1371 833 1434 quorum
857 1351 913 1414 sibi
936 1355 1031 1434 copia,
1055 1351 1154 1416 verbis
1357 1364 1408 1414 aaa

482 1439 606 1502 Hecuba
629 1441 770 1516 tironem,
791 1441 835 1500 sic
858 1439 1033 1502 fabricando
1056 1459 1171 1502 necem.

438 1525 638 1589 Exhilarescit
659 1524 759 1596 homo,
783 1544 872 1606 quern
896 1524 1028 1588 foemina
1050 1523 1139 1589 melle
1162 1527 1267 1589 nocivo

482 1612 608 1674 Fraudis
630 1615 790 1686 inescant,
814 1609 946 1689 iriaeque
969 1631 1037 1674 vera
1062 1620 1155 1691 putat.

439 1698 552 1778 Vixque
576 1714 690 1758 moram
712 1697 837 1774 patitur,
862 1697 906 1755 vir
928 1695 989 1774 jam
1012 1715 1064 1759 sua
1088 1697 1194 1776 gaudia
1218 1695 1328 1768 differt,

481 1781 547 1841 iarn
570 1782 653 1860 cupit
674 1781 823 1857 ampiecti.
844 1778 906 1858 J'am
929 1779 1005 1843 bona
1028 1792 1112 1861 pacta
1136 1782 1212 1844 dari.
1358 1792 1410 1841 450

438 1863 613 1926 Retrahitur
636 1873 735 1924 tamen
757 1863 806 1923 ilie
829 1872 919 1932 metu,
944 1867 1108 1943 metuitque
1131 1869 1248 1934 venire:

482 1946 540 2007 Sed
564 1948 590 2006 si
614 1963 673 2007 non
694 1947 800 2013 veniat,
824 1954 890 2005 rota
915 1951 1015 2025 perire
1037 1954 1129 2028 putat.

440 2031 537 2108 Saepe
559 2037 640 2091 metu
664 2047 733 2109 spes
755 2031 829 2090 vieta
851 2029 940 2100 eadit,
964 2032 1060 2092 veniat
1074 2038 1250 2102 -rnaneatne,

482 2115 515 2175 ln
539 2117 648 2176 mentis
670 2131 772 2176 secum
796 2113 927 2193 disputat
948 2117 1013 2195 ipse
1035 2117 1147 2178 seiroia.

440 2199 575 2282 Denique
599 2200 675 2262 ssdua
698 2218 791 2271 arnor,
815 2199 960 2281 quidquid
983 2199 1215 2281 properantibus
1230 2199 1337 2276 obstat,
1359 2212 1410 2262 455

483 2285 589 2364 Fingit,
613 2295 643 2348 et
665 2286 701 2347 ad
724 2303 828 2348 causas
851 2289 1026 2367 ingeniosus
1049 2291 1115 2351 erit

440 2371 682 2455 interstrataque
706 2381 795 2445 terret,
819 2391 903 2456 spera
926 2375 1041 2439 scilieet
1062 2385 1151 2456 atqua
1176 2377 1323 2449 timorem,

483 2461 602 2542 Speque
624 2462 714 2523 timor
736 2460 836 2534 dubia,
859 2480 987 2545 spesque
1010 2466 1117 2527 timere
1138 2465 1226 2527 eadit

440 2547 487 2609 Ire
510 2555 609 2608 tamen
633 2555 733 2619 restat,
756 2549 824 2628 quia
848 2551 945 2612 calcar
967 2553 1077 2613 amoris
1100 2552 1193 2612 acutis

483 2633 591 2695 Incitat
612 2633 694 2695 hunc
715 2633 859 2703 stimulis:
884 2635 1024 2698 credulus
1046 2654 1117 2715 ergo
1140 2638 1230 2698 stetit.
1359 2647 1410 2696 rao

442 2717 567 2780 Credula
589 2735 640 2780 rea
662 2736 746 2780 amer
768 2728 823 2789 est,
846 2717 952 2781 ieviter
971 2722 1122 2783 ducuntur
1145 2730 1279 2784 amantes

486 2804 619 2884 ssantqrre
641 2803 733 2882 pedes
755 2805 813 2866 reti
836 2805 1010 2869 credulitate
1032 2805 1100 2868 levi.

509 3110 568 3158 tta.
598 3107 690 3159 Ovidii
709 3109 944 3171 eatMatam.1V,
964 3112 1022 3162 3⁶0.
1129 3113 1189 3164 463.
1219 3110 1328 3164 similes
1346 3117 1411 3163 aunt

442 3173 536 3226 Ovidii
553 3173 610 3225 loei
628 3177 713 3227 rarat.
732 3175 780 3239 w,
798 3179 823 3239 a,
842 3179 874 3226 12

545 3242 601 3292 Gur
618 3241 699 3294 labat
716 3243 845 3307 ambiguo
863 3259 928 3308 apes
946 3244 1014 3294 mihi
1032 3245 1117 3296 mixta
1136 3247 1231 3296 metui

442 3313 470 3357 et
486 3307 552 3358 Har.
570 3307 649 3369 xm,
668 3311 727 3370 lar,

544 3374 614 3440 Spea
633 3377 705 3426 boae
722 3373 842 3426 sollicito
860 3377 937 3427 vieta
955 3379 1054 3428 timore
1072 3378 1155 3430 eadit.

441 3443 500 3493 455.
518 3442 569 3494 Or.
587 3443 654 3498 Her,
672 3444 708 3508 ΙΙ,
725 3444 767 3494 21.
785 3445 819 3493 22

419 3569 421 3572 v
544 3512 672 3576 Denique
690 3509 761 3562 fidae
779 3526 864 3572 amor,
883 3512 1016 3579 quidquid
1035 3515 1250 3579 properantibua
1268 3515 1371 3568 obstat.

424 3597 428 3628 r
579 3577 683 3643 Finxit,
702 3583 731 3630 et
750 3579 784 3631 ad
804 3595 904 3632 caum
922 3581 1070 3647 ingeniosa
1089 3582 1138 3632 ini.

442 3649 501 3698 45⁷.
521 3645 573 3704 Or.
592 3650 655 3700 Mei.
674 3649 709 3713 11,
731 3651 780 3700 140
798 3651 871 3702 inter
888 3654 1035 3717 utrumque
1054 3656 1129 3702 tene.
1198 3653 1255 3704 ⁴58.
1276 3651 1327 3708 Or.
1345 3653 1412 3708 lior.

442 3714 492 3781 IX,
512 3719 583 3838 42.ι
646 3718 704 3769 461.
734 3717 824 3771 Ovidii
853 3723 896 3770 eat
923 3721 1036 3771 Metam.
1066 3721 1125 3786 VII,
1152 3721 1203 3772 826
1230 3721 1340 3773 credula
1367 3738 1412 3774 rea

444 3800 520 3836 aanor
540 3801 590 3842 ea.
