3426 4786
433 715 475 784 36
728 769 733 784 ,
825 713 1019 771 amorium

384 891 424 934 eso
438 871 522 940 'Pota
543 871 677 939 madens
699 871 839 939 laoriuris
862 871 908 937 ibi
930 873 1034 944 mater
1055 870 1232 957 spiritualis

441 957 537 1026 Nune
560 958 762 1045 desperatas,
784 978 871 1023 nuno
893 957 1010 1058 aspicit
1031 956 1245 1039 exanimatas,

439 1042 525 1122 Quas
546 1045 696 1132 plangat,
718 1044 838 1129 neeoit,
862 1064 1010 1131 geminus
1031 1044 1123 1110 dolor
1144 1048 1177 1111 et
1198 1043 1289 1109 labor
1303 1043 1407 1129 angit,

438 1129 543 1215 Optat
563 1136 596 1196 et
615 1131 688 1215 ipsa
707 1130 788 1196 mori
810 1131 1023 1214 comitemque
1043 1129 1206 1195 sororibus
1220 1127 1305 1198 addi.
1327 1135 1349 1193 f.
1364 1142 1408 1190 ττι·

439 1213 599 1279 Femineis
622 1215 730 1280 tristes
752 1213 879 1280 ululant
899 1214 1110 1299 plangoribus
1133 1213 1236 1278 aedes.

387 1315 427 1358 see
443 1294 528 1374 Quid
556 1298 724 1364 lacerent?
754 1298 883 1364 demum
905 1303 981 1383 post
1002 1296 1117 1364 funera
1137 1297 1240 1362 multa
1268 1317 1409 1381 suarum,

438 1381 515 1448 Post
537 1382 644 1448 eludes
665 1384 771 1447 varias
794 1383 884 1448 sedet
906 1383 1056 1448 omnibus
1079 1404 1144 1446 una
1165 1381 1314 1446 voluntas

438 1467 571 1551 Absque
594 1489 685 1533 mora
706 1466 788 1533 lidos
811 1465 999 1533 Wilbrordo
1022 1467 1151 1531 mittere
1173 1467 1302 1546 missos,

439 1550 548 1616 Rebus
571 1555 608 1617 ut
628 1553 662 1617 in
685 1553 799 1617 mersis
820 1556 1011 1637 properaret
1032 1552 1143 1617 edesse
1165 1549 1318 1617 levandis.

440 1635 589 1703 Festinus
611 1637 718 1719 venit,
741 1658 877 1703 cernens
899 1636 1047 1722 lugubria
1069 1636 1174 1720 flevit,

386 1737 426 1780 no
441 1719 580 1788 Neetare
602 1722 768 1787 doetrinae
790 1721 894 1787 vetuit
916 1721 1059 1787 lamento
1080 1741 1206 1803 sonare,

442 1804 571 1890 Optulit
591 1805 669 1871 hine
691 1827 811 1892 agnum
834 1827 893 1891 pro
915 1807 1055 1891 peeoatis
1077 1805 1319 1888 holocaustum,

442 1892 472 1956 n
520 1911 590 1975 um,
614 1891 668 1975 qui
690 1913 783 1957 seara
804 1895 931 1976 stayros
954 1892 1083 1957 oblatus
1104 1891 1139 1956 in
1162 1911 1218 1956 era

481 1978 583 2040 ortem
606 1975 786 2059 damnavit,
811 1976 914 2042 aeolus
936 1976 1028 2042 Adae
1049 1977 1209 2062 sanguine
1231 1975 1321 2042 lavit.

446 2058 559 2128 Ourdis
582 2060 615 2126 in
639 2061 733 2128 alteri
756 2083 823 2128 non
846 2061 972 2129 destitit
993 2063 1061 2148 ipse
1085 2061 1236 2144 eremari,

391 2160 430 2204 ⁵⁶⁵
444 2145 531 2212 Dum
554 2147 735 2232 thymiama
756 2168 887 2233 precum
909 2150 997 2214 vexit
1019 2149 1224 2234 eompunotio
1245 2169 1372 2214 sursum

445 2232 497 2297 nd
519 2231 642 2298 domini
664 2233 797 2318 solium,
821 2234 901 2301 oaeli
923 2239 1092 2321 terraeque
1114 2238 1271 2301 senatum.

444 2317 622 2386 Potondem
645 2319 808 2421 lympham
833 2319 922 2387 dedit
943 2342 998 2388 ore
1020 2342 1078 2387 suo
1100 2320 1321 2406 benedictam,

446 2405 608 2475 666666νί6
629 2428 722 2472 vacui
744 2407 842 2473 oellas
865 2409 1036 2508 aspergine
1058 2407 1204 2474 elaustri:

443 2489 498 2558 Sie
520 2491 766 2578 exterminium,
789 2494 836 2559 sie
858 2493 994 2564 vindiorr
1017 2492 1151 2560 abstulit
1172 2493 1272 2558 iatum

391 2589 429 2631 ⁶²⁰
444 2575 682 2662 llxtentumqne
704 2599 834 2643 manum
856 2578 1000 2664 gladium
1023 2601 1063 2643 ue
1088 2578 1241 2664 repressit
1255 2577 1413 2644 adactum.

447 2661 647 2728 Hierusalem
668 2662 823 2748 pulchrae
845 2667 923 2729 sunt
944 2601 1064 2730 illidiae
1086 2665 1270 2742 restitutae,

447 2745 584 2812 Reddita
605 2749 686 2830 vita,
709 2750 795 2814 salua
817 2751 880 2829 est,
904 2748 992 2833 fugit
1012 2771 1114 2831 mors,
1138 2748 1309 2813 cruciarus.

447 2832 584 2916 Ampiae
606 2853 762 2930 personae
785 2837 873 2898 velat
893 2832 956 2898 hoe
978 2835 1055 2898 urbs
1078 2834 1186 2918 ampla
1206 2832 1323 2898 latere:

446 2914 585 2981 Tantum
608 2922 699 2982 rnrte
720 2938 754 2983 se
776 2915 919 3003 gaudmm
939 2917 1027 2983 sidus
1048 2918 1190 2983 rutilare.

394 3013 433 3055 ⁶²⁶
488 2999 576 3069 xxi.
599 3001 729 3068 Aeeidit
749 3001 801 3068 his
823 3003 905 3068 notis
929 3003 1056 3069 auidam
1078 3002 1249 3088 temptatio
1272 3001 1414 3087 grandis.

445 3085 590 3152 Territus
612 3093 662 3153 est
682 3088 851 3156 monstris:
875 3093 912 3154 nt
934 3091 1058 3154 maesta
1080 3089 1193 3154 domus
1216 3085 1386 3175 Repudia,

445 3169 467 3236 S
491 3172 564 3236 onsi
587 3172 662 3236 dum
685 3172 784 3239 Sarae
806 3177 856 3238 tot
877 3175 919 3238 ab
941 3175 1103 3238 Aamedeo
1149 3175 1266 3256 eriere,

474 3257 506 3319 st
527 3255 672 3320 subiecta
694 3259 765 3341 pari
787 3257 930 3342 lugentis
952 3258 1088 3343 pergula
1110 3195 1203 3322 oiadi.

445 3334 569 3403 indidit
590 3339 739 3405 horrores
760 3339 957 3428 phantasma
977 3362 1113 3424 nooena,
1137 3338 1310 3427 ephialtes,

394 3423 625 3490 mortaline
646 3425 799 3511 nequius,
821 3449 990 3512 pressurae
1012 3426 1153 3513 pondere
1175 3427 1288 3492 maius.

446 3506 522 3574 Non
543 3510 652 3595 potuit
674 3511 778 3595 oerni,
801 3533 867 3578 non
890 3513 993 3579 audiri
1015 3535 1119 3599 neque
1141 3513 1248 3599 tangi,
1340 3521 1416 3577 tw

447 3592 548 3661 Venit
569 3599 603 3662 et
624 3596 740 3682 exivit,
763 3598 872 3678 rediit,
896 3598 952 3664 sed
973 3621 1069 3666 namo
1090 3599 1236 3682 rescivit,

446 3677 516 3757 Quo
539 3681 737 3750 discessisset
757 3684 809 3751 vel
831 3684 957 3752 adesset
977 3707 1016 3752 ao
1038 3685 1123 3753 unde
1145 3685 1287 3752 redisset.

446 3765 591 3854 Diripuit
611 3769 776 3854 praedam,
799 3772 961 3858 mantilia,
983 3793 1141 3858 gausape,
1165 3794 1324 3856 mensam,

513 3908 564 3959 666
583 3902 751 3975 dampnavit
774 3905 800 3962 G
875 3913 925 3963 666
942 3923 994 3963 oon
1015 3907 1112 3964 unetio
1136 3907 1163 3964 G
1235 3914 1285 3965 666
1303 3909 1376 3965 eoeli
1394 3908 1421 3964 Τ

445 3975 496 4027 olo
519 3971 651 4027 adeotam
675 3972 702 4027 Τ
786 3975 943 4031 ellados
968 3974 994 4031 0
1110 3981 1160 4032 olo
1182 3978 1239 4032 tem
1261 3976 1337 4032 taoio
1362 3977 1420 4034 GT

445 4044 495 4094 666
518 4039 608 4095 mesta
633 4071 664 4082 ·-
687 4041 842 4113 Reguhelis
864 3993 923 4098 dl*
1006 4050 1056 4098 tls
1079 4043 1207 4115 epyaltes
1258 4044 1284 4100 Τ
