3340 4788
341 660 345 666 Ι
425 695 487 762 132
757 694 821 752 Lib.
839 695 871 746 v.
905 711 931 746 v.
948 697 1058 752 eo-so.

467 851 530 915 illic
553 851 631 914 Mars
654 849 762 913 duilius
784 846 898 921 militat,
922 849 1031 932 hicque
1053 849 1164 912 Ventis.
1362 861 1397 909 ‘su

427 936 564 1019 Pingitur
586 939 616 999 in
639 935 714 999 solio
737 936 832 1000 Ninos
853 953 905 998 res
929 939 1119 1018 Assyriorum

470 1022 632 1088 lutondans
655 1032 749 1086 tntum
773 1023 867 1086 Nuria
889 1021 1012 1086 domare
1034 1021 1145 1096 solrrm;

429 1111 553 1172 Numam
577 1127 675 1189 pugna
699 1111 774 1189 petit
796 1107 845 1169 iric
867 1128 961 1171 annos
984 1108 1066 1171 utillo
1088 1117 1251 1178 trecentos,

468 1194 550 1265 Quae
574 1197 703 1272 spatium
728 1193 825 1270 posuit
847 1193 930 1254 tarbis
953 1203 983 1254 et
1005 1193 1089 1253 orbis
1111 1194 1200 1254 idem.

429 1279 517 1346 victt
541 1295 630 1355 quiem
655 1279 752 1337 tenuit
773 1276 962 1336 zoroastrem
986 1276 1103 1336 Bactria
1127 1292 1240 1354 regem,
1363 1285 1396 1332 25

469 1359 524 1432 Qui
548 1362 664 1438 magica
687 1361 803 1440 primus
825 1359 930 1421 doctor
953 1363 982 1421 in
1006 1367 1071 1420 arte
1093 1360 1156 1420 init

427 1443 483 1506 Hic
506 1443 631 1505 rubeum
655 1444 755 1505 videas
778 1461 860 1504 maro
883 1443 1018 1514 rubrum,
1041 1444 1143 1506 littora
1165 1441 1252 1523 cujus

469 1529 652 1608 Expugnans
676 1526 770 1590 Ninus
792 1537 907 1608 pugnat
929 1529 965 1590 ad
990 1544 1084 1610 usquo
1107 1527 1248 1608 Scythes:

428 1616 539 1678 Gentes
561 1617 735 1677 innumeras
757 1621 923 1694 senioratus,
947 1615 1026 1677 ltunc
1048 1623 1250 1696 superantem,

471 1700 643 1762 Destructas
666 1698 767 1770 urbes,
791 1700 889 1762 diruta
912 1708 1009 1762 castra
1033 1701 1123 1762 rides.
1366 1709 1399 1758 an

427 1785 464 1848 Et
487 1786 608 1848 tandem
633 1794 804 1866 praesentat
825 1803 893 1846 oum
917 1789 1031 1848 cortina
1055 1787 1160 1865 sagitta

470 1870 656 1951 Trajcctum,
680 1874 814 1933 moriens
835 1873 980 1949 sanguine
1002 1871 1096 1949 pingit
1120 1873 1255 1932 numum.

429 1954 606 2016 Semiramis
628 1954 764 2017 succedit
787 1957 825 2026 ei,
849 1959 1015 2034 reginaque
1037 1956 1152 2016 celsum

472 2038 526 2100 llic
548 2037 631 2100 subit
653 2041 807 2100 arrriromo
831 2039 909 2118 picto
933 2040 1034 2100 colore
1057 2040 1210 2104 tirrouum.

430 2122 521 2204 Cujus
543 2132 576 2185 ut
596 2122 670 2184 innoc
693 2141 819 2204 rognum
842 2127 885 2184 sic
907 2126 1014 2186 sumsit
1036 2133 1066 2186 et
1090 2127 1181 2187 elicrn
1205 2122 1319 2187 boilum
1368 2133 1400 2180 an

472 2209 565 2271 lmmo
587 2227 694 2270 inautus
716 2212 807 2271 ermis
830 2206 935 2271 extulit
957 2208 1005 2272 ilia
1029 2213 1131 2289 magis,

364 2347 367 2354 .
430 2294 521 2357 indos
542 2296 657 2363 invasit,
681 2295 805 2363 domuit,
829 2296 942 2356 servire
964 2297 1077 2375 coeglt;

473 2381 531 2442 iles
552 2399 586 2442 oe
610 2381 727 2442 ‹livorso
749 2383 829 2462 picta
853 2378 953 2443 colore
975 2382 1045 2443 luit.

434 2465 627 2527 Praeturam
652 2465 730 2544 qrrnd
753 2475 873 2546 practer
897 2483 960 2526 earn
984 2483 1044 2526 nou
1068 2465 1177 2526 indidit
1200 2464 1282 2526 indis

476 2550 508 2610 in
533 2559 594 2611 tnto
618 2549 728 2608 mundo
753 2549 828 2610 balla
852 2567 908 2610 nec
930 2567 1007 2609 rinus
1029 2550 1128 2610 immo.
1369 2557 1403 2604 tu

433 2633 559 2711 Magnus
581 2633 750 2694 Alexander
773 2635 864 2694 totius
886 2632 1011 2694 malleus
1033 2633 1115 2693 orbis

478 2717 567 2778 Solus
591 2726 620 2777 et
643 2714 717 2778 inec
738 2717 845 2778 muilier
868 2716 947 2777 hunc
970 2716 1113 2778 domuere
1137 2717 1245 2777 locum.

435 2801 517 2863 licita
541 2810 658 2882 potent,
681 2800 733 2863 sed
756 2810 853 2862 scorta
878 2801 981 2872 latent,
1004 2819 1075 2880 pars
1096 2803 1223 2862 maxima
1246 2817 1347 2862 rorsnn

476 2885 625 2957 Ollcrnlot,
648 2889 672 2947 si
697 2903 754 2948 nou
777 2886 920 2949 interiora
943 2896 1038 2964 togas.

433 2971 490 3033 Sed
514 2971 670 3033 Trcvorim
694 2974 810 3050 pictura
834 2970 921 3040 ierat,
946 2989 1033 3052 quiam
1056 2968 1185 3033 Treireta
1210 2970 1314 3033 tundat
1370 2979 1403 3027 to

500 3194 533 3243 28
552 3207 592 3257 sq.
616 3192 747 3244 Narratio
766 3191 908 3244 invenitur
927 3192 999 3260 spud
1019 3191 1097 3243 Oros.
1116 3191 1213 3242 histor.
1232 3191 1255 3254 1,
1277 3191 1302 3254 2,
1322 3205 1400 3258 quom

433 3264 528 3312 noster
552 3275 606 3309 non
626 3261 707 3325 pinne
731 3260 887 3324 intellexit,
910 3265 985 3311 certe
1008 3259 1159 3310 obscuriori
1178 3259 1300 3309 dictione
1324 3259 1402 3324 guvi-

433 3342 481 3378 sus
500 3333 557 3387 est.
585 3328 631 3378 ubi
652 3328 730 3378 Oros.
748 3327 921 3392 simpliciter:
954 3331 1021 3378 suto
1050 3341 1137 3377 sunus
1162 3327 1247 3376 Urbis
1274 3325 1403 3376 conditus

433 3393 509 3445 milio
532 3399 673 3476 trecentos
696 3394 783 3445 Ninus
806 3409 854 3445 rex
873 3394 966 3460 Assyr.
985 3399 1058 3476 Pu'.
1077 3393 1192 3444 Orosius
1210 3393 1231 3454 Ι,
1249 3396 1266 3444 l
1283 3399 1312 3444 et
1330 3391 1365 3454 11,
1386 3395 1402 3443 a

432 3461 572 3585 'silandi
595 3461 1315 3595 1113111111ῗέ11011111111131111
1337 3461 1406 3578 „²33

434 3599 567 3650 inventor
581 3598 679 3648 iussut.
714 3598 756 3647 28.
770 3594 835 3648 (lod.
847 3596 949 3660 jubens
963 3612 1013 3647 nos
1025 3597 1132 3648 videus.
1169 3599 1211 3648 aa.
1226 3595 1340 3648 Orosius
1351 3596 1369 3646 1.
1382 3611 1404 3646 u

434 3665 531 3732 „Indis
555 3680 663 3731 natoque
684 3663 783 3716 bellum
807 3665 915 3722 intulit,
943 3681 997 3731 quo
1017 3673 1127 3731 rtrsster
1145 3664 1220 3715 iilum
1240 3671 1268 3715 ot
1286 3663 1405 3714 Aloxnn·

434 3733 511 3785 drum
531 3733 662 3799 Magnum
680 3732 772 3784 nulius
791 3733 932 3784 introvit.“
1001 3735 1035 3784 ts
1054 3748 1095 3799 sq.
1118 3732 1234 3784 Orosius
1252 3733 1270 3784 1.
1284 3748 1308 3783 c.
1329 3731 1404 3798 „pri-

434 3807 526 3854 uatam
546 3801 726 3867 ignominium
746 3801 857 3866 publico
874 3802 981 3852 scelere
999 3801 1133 3852 obtexit.“
1214 3803 1256 3852 ld.
1275 3801 1405 3852 Nurrstio

434 3871 468 3922 de
487 3869 545 3920 filio
563 3871 628 3920 Nini
646 3869 768 3920 'Probata
786 3870 925 3920 iuvenitur
944 3870 1030 3920 (leste
1052 3869 1189 3920 Ττενίτοτ.
1214 3869 1259 3920 ed.
1277 3870 1405 3932 Wyttou-

433 3938 506 3988 bucin
525 3937 579 3988 voi.
599 3938 618 3992 1.
637 3954 662 4003 p.
681 3939 706 3998 l,
725 3937 772 3986 ubi
791 3952 835 3996 os,
855 3951 926 4002 quse
945 3937 990 3987 inc
1010 3943 1095 3987 entes
1113 3937 1252 4002 leguntur,
1273 3937 1357 3986 elium
1372 3951 1405 3985 ex

435 4005 537 4056 Orosio
556 4005 730 4056 exhibentur.
762 4003 842 4071 Apud
862 4003 1053 4068 (lueltlrerurn,
1072 4003 1099 4053 iu
1118 4007 1217 4067 quarto
1235 4003 1406 4054 Alexandre-
