3340 4788
394 599 436 668 98
699 603 763 656 uro.
781 603 839 676 ιιι.1
866 617 894 656 v.
914 569 1060 656 rer-on.

395 759 459 822 ilex
482 757 538 822 tibi
561 757 707 828 dissentit.
730 755 782 820 sod
806 757 919 838 virgine
942 756 1051 838 dignus
1074 775 1119 830 es,
1142 758 1250 839 lnquit,

438 846 484 907 'l'u
507 844 605 915 cedes,
628 842 678 906 alii
702 841 906 923 belligerando
930 852 1062 907 manent.

396 930 481 994 liosti
503 948 555 991 rex
577 937 697 1011 reputat
718 929 855 992 uitiosum
880 930 998 992 tradere
1021 937 1131 1002 notatu,

440 1016 503 1089 Qui·
520 1034 600 1077 nuno
621 1022 668 1076 est
690 1013 793 1079 hostis.
816 1016 964 1077 eraserit
986 1013 1037 1076 iile
1059 1015 1172 1094 generl

398 1101 429 1162 Sl
453 1101 534 1168 lauis.
558 1109 592 1161 ut
613 1099 706 1161 Danai
728 1097 889 1167 discedant.
913 1097 1026 1178 proelia
1049 1099 1175 1168 solvant,

322 1252 324 1256 ¹
440 1183 548 1245 Poeem
569 1191 758 1263 perpetuent,
782 1200 846 1242 rem
870 1191 919 1244 tua
943 1190 1008 1244 rota
1030 1184 1140 1244 lerent.

512 1328 690 1387 nummu
707 1327 916 1384 DISSUADE'P
933 1328 1080 1386 POPULO
1099 1327 1259 1389 BELLUM.

399 1435 517 1501 Pelides
539 1434 651 1519 populo
674 1436 711 1498 de
734 1444 836 1500 cetero
859 1435 937 1499 bella
960 1435 1112 1508 molestam

441 1521 582 1585 Nostrum
607 1531 733 1602 tempus,
759 1523 811 1594 ait,
834 1521 946 1604 absque
969 1524 1071 1604 quiete
1095 1531 1185 1586 meat.

400 1607 552 1671 Interdum
576 1607 681 1687 vulgus
702 1615 817 1669 reolum
841 1607 928 1678 ridet,
952 1625 1023 1670 ecce
1046 1608 1162 1671 uidetis-

442 1692 584 1755 iiostlbua
607 1691 725 1755 assidue
748 1690 823 1754 iussa
845 1692 926 1773 quod
948 1711 1000 1755 oro
1024 1691 1111 1758 datis.

401 1778 542 1858 Europae
565 1779 609 1840 ris
631 1785 661 1838 et
683 1777 770 1838 delae
792 1775 998 1856 glomerantur
1021 1781 1051 1840 ln
1075 1796 1167 1841 unum

442 1860 626 1924 Alterutrum
650 1860 730 1923 diras
753 1861 938 1941 experiendo
960 1879 1083 1933 manus;

402 1947 495 2009 immo
519 1964 588 2007 suas
610 1948 690 2008 vires
712 1953 789 2007 totae
811 1947 984 2026 expendere
1006 1955 1087 2010 totus
1159 2005 1164 2012 .

445 2031 577 2095 intendit
598 2031 737 2102 mundus.
761 2048 849 2094 nemo
872 2034 929 2094 solt
951 2032 1030 2095 unde
1052 2031 1129 2094 looo.

402 2118 460 2181 Sed
483 2116 590 2179 muller
613 2118 674 2180 sola
698 2114 807 2180 lascire
830 2117 946 2198 pudore
968 2117 1074 2182 relicto

445 2199 527 2275 Ouao
546 2203 634 2286 jacet.
658 2211 705 2267 est
726 2203 799 2265 tanti
822 2205 912 2267 noxia
934 2221 1024 2267 eausa
1048 2205 1129 2270 mali.

404 2290 536 2372 {unguinis
558 2300 589 2354 et
611 2291 727 2371 capitis,
751 2307 827 2372 quae
849 2300 919 2353 sunt
941 2291 1125 2364 discrimina,
1150 2291 1255 2364 nescit,

446 2379 582 2439 etiamen
604 2376 686 2438 orbis
708 2393 784 2446 eam,
807 2378 847 2438 sit
868 2378 952 2454 quasi
973 2387 1086 2447 saneta.
1110 2377 1192 2440 colit.

403 2461 469 2525 Non
493 2461 563 2523 oolit
585 2460 668 2522 orbis
691 2477 765 2530 eam.
789 2478 865 2542 quae
887 2469 988 2540 spreta
1011 2471 1109 2524 morte
1132 2463 1262 2526 uicissim

448 2543 529 2607 illius
551 2546 581 2606 in
604 2544 721 2607 leudem
745 2551 841 2607 uertat
862 2545 940 2606 inire
962 2549 1088 2608 necem?

405 2629 494 2708 Cujus
516 2631 546 2689 in
569 2629 717 2692 adulterio
739 2629 912 2692 lamuianh'a
934 2639 1046 2710 quanta
1069 2631 1237 2693 dederuntl

447 2715 487 2776 Se
508 2731 613 2776 saevae
636 2715 727 2776 morti
749 2712 841 2775 millio
863 2723 973 2795 quanta
998 2714 1125 2778 dabantl

404 2799 546 2862 Venimus
566 2798 626 2860 huc
649 2797 726 2870 ideo,
751 2801 860 2861 misere
884 2802 1049 2863 moriamur
1071 2811 1105 2863 ut
1127 2819 1242 2871 omnes,

447 2885 501 2947 Vix
525 2881 612 2947 tellus
634 2883 732 2965 ampla
755 2883 863 2947 lunera
885 2893 978 2947 strata
1001 2889 1090 2967 capit.

404 2972 524 3052 Pauper
546 2978 579 3032 ut
601 2969 650 3034 hio
672 2969 815 3051 Phrygias
838 2968 971 3050 implevit
993 2974 1074 3034 notio
1094 2975 1199 3044 losees,

447 3057 500 3118 Vix
523 3055 662 3119 Priamus
685 3058 759 3120 tenti
784 3065 905 3137 totaque
926 3055 1016 3137 'Proja
1038 3057 1103 3121 luit.

406 3139 542 3206 Exilione
566 3145 676 3222 premit
698 3161 753 3205 nos
776 3141 912 3204 Dardana
934 3141 1022 3222 gleba
1044 3143 1205 3225 proterrol

402 3247 404 3250 ·
448 3226 571 3288 intravit
593 3237 712 3288 nostros
734 3225 861 3289 borbore
885 3227 972 3289 turbo
995 3227 1093 3290 lares?

312 3309 318 3324 ⁴
406 3311 442 3372 Et
464 3312 573 3372 mirum
597 3310 676 3392 quod
701 3320 760 3374 tam
784 3311 922 3374 vilissima
946 3315 1037 3375 traxit
1058 3312 1200 3375 honestos

449 3394 493 3458 dd
516 3404 576 3458 tam
602 3395 756 3458 mortilera
781 3395 894 3478 proelia
918 3412 1005 3460 eausa
1028 3399 1117 3460 viros.

407 3483 449 3554 Si,
474 3483 552 3544 sicut
573 3485 655 3563 oepit
676 3480 747 3545 beili
769 3482 864 3560 lutor,
887 3485 1054 3546 irrevocata

450 3568 546 3631 Cursu
570 3570 717 3640 saevierit.
742 3587 830 3632 nemo
853 3577 1005 3650 superstes
1028 3571 1095 3632 erit.

406 3655 471 3718 lioo
494 3655 566 3718 sooii
588 3653 724 3718 volumus
745 3657 869 3727 mactari
893 3663 1027 3736 tempore
1050 3657 1179 3737 quanto?

450 3739 578 3802 Vulnere
601 3760 686 3803 saeva
710 3744 781 3824 pati,
805 3741 925 3803 trudere
947 3741 1022 3803 colla
1045 3743 1133 3803 necil

406 3827 454 3890 dle
478 3826 548 3888 belli
571 3827 653 3906 piget
674 3829 770 3898 istius,
794 3827 932 3890 desidero
954 3845 1068 3909 paoem,

451 3909 524 3972 Cum
548 3910 629 3973 velut
651 3911 689 3973 ol)
714 3915 830 3992 nigram
853 3913 912 3974 sint
934 3930 967 3974 eo
992 3911 1067 3974 heila
1090 3911 1198 3973 labam.
