3368 4792
591 703 653 757 nau.
673 705 709 761 u.
744 721 770 758 v.
792 707 935 760 1rs-eoa.
1210 708 1254 774 45

283 861 339 924 bat
359 870 422 923 tros
443 861 594 923 venereus
616 869 646 924 et
668 862 883 944 quinquaginta
906 863 1023 926 carinas
1203 875 1252 927 ttt

324 947 437 1009 Quauos
456 954 527 1008 suut
550 945 655 1025 quenao
679 949 807 1009 sortibus
829 948 944 1028 absquo
967 967 1048 1010 sone.

280 1035 319 1093 at
340 1031 459 1107 triginta
481 1031 580 1091 'l'boas
602 1031 681 1092 rohit
704 1051 739 1092 ex
764 1031 951 1093 Chalcedona
974 1051 1089 1113 puppes

326 1115 403 1176 iluio
425 1132 527 1176 onmes
548 1113 694 1196 hulippus
716 1116 848 1194 huicque
869 1115 1038 1197 Phidippus
1061 1125 1135 1186 erat,

282 1197 439 1277 Octoginta
462 1198 544 1260 rohlt
565 1218 601 1260 en
625 1199 713 1262 Creta
736 1199 884 1262 Meriones
906 1209 937 1260 et

323 1283 382 1347 Par
403 1290 470 1346 erat
490 1283 668 1347 idomeneus
690 1285 776 1348 iuriis
798 1289 826 1348 ei
849 1288 960 1348 soclus.
1203 1298 1253 1350 180

281 1369 324 1433 Ex
346 1369 453 1433 Patare
476 1369 577 1434 docies
598 1370 646 1433 bis
668 1370 767 1444 binas,
788 1371 968 1436 Protesilao!

323 1456 414 1519 Quels
435 1465 466 1519 et
487 1477 523 1520 ex
545 1456 660 1540 Pyrgis.
684 1478 701 1519 o
725 1457 860 1521 Eumelol
884 1458 1000 1521 decom.

284 1543 339 1605 Dat
359 1544 482 1622 triginta
505 1552 584 1608 ratos
606 1543 775 1608 Podalirius
797 1554 886 1628 atque
908 1543 1061 1614 lincheon.

324 1629 432 1707 lutras,
456 1630 654 1713 Triptolemel
678 1631 803 1692 naribus
825 1640 893 1692 oete
915 1649 1007 1692 maro.

284 1711 504 1794 Quinquaginta
527 1722 607 1776 rates
628 1715 783 1778 Patroclus
805 1724 898 1793 agunt
919 1723 950 1776 et
971 1712 1103 1777 Achilles
1205 1725 1253 1776 185

325 1797 368 1859 Ex
391 1798 511 1880 Septbla
534 1808 699 1878 properant
720 1800 982 1881 Myrmidonasque
1005 1806 1124 1862 vocant.

283 1882 446 1964 hlphineus
469 1887 592 1948 rerriens
615 1905 651 1947 ox
673 1886 759 1949 Elide
782 1904 836 1968 per
859 1904 942 1948 usare
965 1886 1050 1947 ducit

325 1970 543 2050 Quinquaginta
566 1981 646 2034 rates
667 1971 962 2053 hrrrpbinraobusquo
985 1989 1095 2036 eomes.

283 2055 348 2119 Non
372 2056 456 2118 deest
477 2056 624 2136 Argolicis
647 2057 819 2136 praeclarus
841 2059 937 2121 blarru
958 2057 1087 2122 Leontos

327 2143 429 2205 bando
451 2144 651 2224 quaterdenas
672 2164 740 2208 euru
763 2144 925 2226 Polygnoto
946 2153 1036 2207 rates.

283 2230 406 2292 Guneus
428 2247 463 2290 ex
487 2228 590 2311 Cypho
613 2249 671 2293 nun
694 2232 802 2293 mllltat
822 2231 937 2310 impare
960 2241 1037 2301 roto,

326 2313 383 2376 Sed
407 2315 497 2385 dicas,
521 2315 621 2377 deelos
642 2315 760 2378 advebit
782 2324 850 2377 uoto
873 2323 965 2377 rates.

283 2402 372 2461 llrma
393 2399 574 2462 Philoctetes
596 2417 656 2462 non
680 2398 839 2471 subtrahit,
863 2401 955 2462 immo
978 2399 1095 2462 carinas

325 2484 526 2562 Quadraginta
550 2485 638 2555 vehit,
661 2485 904 2564 Magnesiamque
927 2483 1026 2545 trahit.

286 2567 430 2630 Arcadiae
451 2570 593 2650 princeps
615 2569 798 2650 penultimus
820 2577 864 2630 est
885 2569 1044 2651 Agapenor

327 2653 384 2716 Sex
409 2652 510 2716 docies
532 2652 647 2718 ratibus
668 2664 795 2735 ooorrpat
817 2654 867 2716 ille
890 2654 998 2717 solum.

286 2739 459 2802 hluostbeus
480 2743 615 2803 ooourrit
637 2739 674 2803 ab
697 2741 830 2810 Athenis.
854 2740 1006 2822 puppibus
1028 2746 1126 2802 auteur

326 2825 360 2886 ln
383 2827 603 2904 quinquagenis
625 2846 707 2888 arma
731 2827 874 2908 cibosque
896 2826 986 2888 reblt.

283 2911 345 2973 ilas
367 2912 457 2989 igitur
478 2911 669 2992 reliquasque
691 2922 771 2974 rates
794 2930 861 2974 eum
885 2911 976 2973 rebus
997 2928 1100 2973 aarum

331 2993 533 3074 Quadraginta
556 3015 661 3058 uorem
684 2997 732 3060 dle
754 2997 918 3059 lubricasse
941 2997 1044 3058 duces.
1204 3005 1256 3055 tuo

285 3080 398 3142 Omnes
418 3078 551 3142 illustres
573 3091 603 3143 et
623 3081 726 3143 Martis
747 3084 778 3143 iu
802 3078 919 3142 artibus
941 3097 1035 3151 aeres,

326 3164 411 3226 hiens
432 3163 542 3243 qulbus
564 3173 611 3228 est
633 3163 711 3228 nolle
734 3165 853 3236 redere,
875 3163 963 3229 mallo
985 3165 1073 3228 morl.

354 3354 412 3405 tta.
444 3353 511 3418 Quis
529 3355 580 3416 sit,
602 3353 752 3416 nescimus,
777 3367 859 3419 quum
878 3352 911 3402 ds
927 3352 1054 3403 venereo
1072 3350 1191 3417 quodam
1208 3366 1258 3402 nn·

285 3419 369 3487 dique
389 3421 476 3474 altum
497 3421 647 3475 silentium.
717 3423 775 3474 177.
799 3419 865 3472 Cod.
884 3419 1048 3474 Oeloediue.
1102 3420 1159 3471 178.
1192 3420 1257 3471 Phi·

285 3489 387 3556 (lippus
404 3492 537 3543 eDarete
557 3506 606 3558 pro
624 3489 777 3556 Philippus.
832 3491 889 3541 178,
906 3494 935 3538 et
946 3504 1007 3555 pro:
1026 3488 1060 3541 sl.
1115 3489 1173 3540 187.
1191 3486 1257 3540 Coti.

285 3575 303 3610 o
320 3558 452 3612 cimolos.
505 3561 563 3612 188.
588 3557 653 3611 cod.
678 3559 846 3610 Potidaniae.
914 3559 973 3612 187.
1000 3558 1022 3608 Δ
1046 3558 1151 3608 Dareta
1175 3557 1258 3607 nomi·

285 3632 370 3680 netur
391 3626 537 3696 Antiphus.
583 3626 665 3679 Elide
692 3642 741 3694 pro
769 3625 852 3678 llide.
940 3627 997 3677 188.
1032 3627 1161 3676 Leontos.
1190 3626 1259 3680 Dar.

286 3697 436 3748 Leonteus.
516 3698 573 3748 190.
611 3695 677 3748 Ceti.
697 3695 833 3749 Polibete.
917 3696 974 3749 181.
1005 3694 1045 3746 sie
1070 3709 1105 3744 ex
1123 3692 1189 3743 Der.
1209 3708 1259 3759 pro

286 3765 388 3831 Cypro.
456 3767 515 3818 188.
543 3781 639 3830 margo
661 3780 710 3831 pro
733 3764 781 3815 lile
800 3762 918 3830 praebet
935 3767 1011 3824 oete,
1035 3760 1085 3812 sad
1104 3768 1133 3813 et
1150 3762 1191 3812 sie
1209 3777 1258 3812 nu·

285 3847 379 3882 merus
396 3834 520 3898 uarium,
538 3833 634 3884 decies
651 3837 727 3883 octor
750 3831 923 3897 discreparet
941 3846 958 3879 e
976 3829 1093 3890 Dareta,
1119 3829 1166 3895 qul
1184 3829 1258 3888 XXI,

287 3904 318 3951 st
335 3900 371 3952 ab
389 3899 510 3952 Homero
529 3903 559 3950 ot
574 3901 650 3952 Diat.
666 3900 713 3966 qui
725 3897 807 3949 xxtl
820 3901 976 3949 numerant.
1047 3898 1105 3948 198.
1126 3896 1196 3952 Phil.
1209 3911 1258 3963 pro

287 3965 444 4021 Poliotores
462 3968 567 4021 oudiois
585 3968 741 4036 pessimun
760 3967 851 4019 Dares
869 3965 926 4018 alio
938 3965 1000 4017 loeo
1012 3966 1105 4033 posuit
1118 3964 1259 4017 Philocte·

286 4043 350 4103 tona,
369 4039 414 4091 bio
430 4037 589 4092 Prothoum.
