3372 4788
661 729 946 792 PROLEGOHENA.
1214 755 1289 804 xxv

318 883 389 949 fieri
411 883 546 983 assolet,
558 885 722 985 'quamvis‘
732 887 783 953 sui
798 887 879 953 iuris
894 888 953 968 sit,
977 889 1139 956 continuis
1154 892 1297 958 numeris

321 969 969 1123 cumIbnbdrdidddtdroidmddddinuando
1001 1058 1035 1124 id
1062 1063 1191 1126 secutus
1224 1082 1297 1126 sum

319 1140 536 1227 propositum,
558 1144 596 1206 ut
617 1144 650 1207 et
672 1163 723 1207 res
746 1165 807 1294 exp
1004 1148 1119 1296 pentes
1148 1149 1181 1211 et
1203 1168 1297 1212 voces

319 1226 507 1292 remotiores
530 1230 564 1293 et
585 1229 764 1294 structuras
808 1228 985 1295 ilficiliores
1000 1231 1010 1296 i
1025 1229 1212 1310 lustrarem,
1236 1233 1296 1298 im·

318 1312 431 1463 primis
453 1315 562 1378 autem
584 1312 672 1380 locos
695 1315 874 1401 scripturae
894 1336 1022 1400 sacrae,
1046 1317 1086 1382 ad
1101 1339 1183 1403 quos
1197 1316 1296 1384 Thio·

335 1399 396 1465 ridi
418 1399 518 1466 verba
539 1399 735 1486 respiciunt,
765 1401 1023 1489 scriptorumque
1051 1407 1197 1470 veterum
1226 1404 1297 1470 lati·

319 1507 457 1569 norum,
492 1507 573 1570 quos
605 1486 753 1552 imitatur
780 1509 982 1573 quorumque
1009 1489 1110 1554 verba
1137 1489 1172 1555 in
1201 1513 1296 1556 usum

319 1593 416 1636 sunm
444 1571 560 1655 vertit,
593 1570 767 1658 diligenter
799 1563 960 1640 collectos'
980 1574 1183 1640 ascriberem.
1227 1573 1297 1642 Nec

323 1677 400 1722 vero
423 1678 536 1722 omnes
559 1678 639 1741 qnos
668 1657 815 1742 laudavi,
844 1660 890 1724 ita
917 1659 1098 1745 comparati
1125 1664 1205 1725 sunt
1225 1661 1296 1738 loci,

321 1744 359 1805 nt
380 1742 528 1827 exempla
549 1741 662 1806 haberi
684 1741 802 1808 velint:
831 1765 899 1808 non
927 1745 1023 1827 pauci
1055 1744 1164 1828 cham,
1195 1747 1296 1810 inter·

320 1827 497 1910 pretaticni
521 1829 558 1893 ut
578 1826 753 1908 servirent,
781 1827 874 1893 allati
900 1832 988 1894 sunt.
1033 1829 1142 1914 Atque
1170 1827 1231 1895 hos
1253 1829 1295 1896 ab

320 1911 384 1978 illis
407 1911 453 1978 ita
474 1911 675 2000 distinguere
696 1913 822 1997 studui,
844 1925 882 1980 ut
903 1913 949 1980 eis
973 1913 1062 2000 locis,
1086 1914 1142 2000 qui
1158 1918 1293 2015 propter

320 1997 567 2072 similitudinem
585 2000 746 2086 quandam
767 2000 818 2066 vel
834 2001 919 2066 inter
943 2000 1069 2067 retundi
1084 2003 1192 2088 gratia
1207 2025 1227 2067 a
1242 2023 1293 2068 me

321 2085 453 2186 ascripti
477 2089 570 2167 sunt,
594 2085 803 2172 notulomcs.
833 2023 1062 2173 presdgersm,
1096 2109 1150 2154 eos
1175 2090 1294 2171 autem,

809 1142 961 1209 linatione
986 1167 1003 1210 e

321 2195 377 2257 qur
399 2173 620 2259 exemplorum
648 2173 683 2239 in
710 2175 842 2240 modum
864 2173 1032 2260 scriptoris
1060 2175 1163 2240 menti
1184 2174 1296 2242 obver-

320 2258 380 2324 sati
402 2257 484 2325 mihi
506 2259 672 2340 ridentur,
694 2261 765 2326 sine
788 2281 827 2326 aa
847 2263 926 2326 nota
948 2281 1111 2411 ponerem.

404 2339 506 2410 Locos
538 2367 578 2411 ex
611 2345 744 2413 Alouini
772 2344 852 2411 Vita
880 2344 949 2410 Wil
963 2345 1102 2430 ibrordi,
1134 2345 1294 2412 Thiofridi

321 2427 397 2495 Vita
417 2429 624 2496 Willibrordi
646 2433 806 2515 prosaica,
830 2429 1022 2497 Theoderici
1044 2431 1207 2498 Chronico
1230 2432 1297 2516 Ep·

320 2516 517 2597 tornacensi,
541 2515 613 2581 aliis
636 2515 700 2581 huc
722 2516 959 2601 pertinentibus
981 2515 1073 2582 libris
1095 2515 1210 2582 ductos
1225 2521 1296 2582 lum

319 2601 419 2667 exseri
445 2601 483 2687 si,
499 2623 571 2668 cnm
587 2602 748 2668 adrerum
763 2601 831 2668 sive
850 2601 1017 2669 verborum
1033 2601 1295 2688 explanationem

319 2624 444 2773 aliquid
463 2689 611 2755 conferre
634 2689 715 2755 mihi
737 2688 944 2756 videbantur:
974 2689 1065 2757 cuius
1093 2711 1211 2775 operae
1239 2711 1294 2755 eos

319 2773 399 2840 mihi
421 2776 564 2861 gratiam
590 2775 760 2843 habituros
783 2798 852 2843 esse
874 2797 985 2862 spero,
1008 2776 1126 2864 quibus
1148 2774 1224 2842 libri
1245 2775 1295 2841 illi

319 2882 385 2926 non
407 2863 546 2928 suntad
570 2884 694 2928 manus.

405 2947 454 3014 De
487 2947 630 3015 indicum
659 2947 858 3015 adiectorum
886 2949 1027 3015 utilitate
1061 2948 1162 3014 verba
1186 2948 1292 3015 lacere

320 3039 518 3118 superfluum
541 3033 620 3098 mihi
641 3035 776 3099 videtur.

405 3118 574 3203 Superest,
602 3122 640 3182 nt
661 3119 845 3201 ostendum,
876 3117 1146 3203 quemadmodum
1174 3117 1209 3181 in
1231 3117 1296 3182 edi-

319 3201 407 3268 tione
429 3224 501 3268 mea
527 3224 596 3268 rem
618 3202 772 3290 orthogra
795 3201 904 3269 hicam
925 3202 1159 3268 instituendam
1183 3223 1295 3267 censu-

319 3287 410 3353 erim.
455 3287 602 3373 Namque
630 3310 698 3354 ncn
726 3225 854 3367 dedito,
889 3288 968 3371 quin
997 3287 1097 3352 futuri
1125 3287 1206 3371 sint,
1238 3286 1295 3370 qui

319 3373 476 3440 mirentur
502 3396 554 3440 me
576 3397 643 3440 non
666 3374 819 3440 usitatam
841 3373 931 3439 illam
954 3371 1059 3438 madio
1082 3393 1162 3438 aevo
1184 3370 1294 3440 ortho-

319 3460 492 3546 graphiam
514 3459 713 3548 adhibuisse,
737 3460 886 3527 sedeam
910 3458 950 3526 ad
973 3481 1028 3525 eas
1051 3480 1181 3526 normas
1203 3481 1293 3525 revo-

320 3567 424 3634 casse,
448 3570 530 3633 qnas
552 3549 636 3634 apud
660 3553 783 3616 veteres
799 3546 969 3614 valuerint.
1002 3546 1066 3622 uui
1080 3546 1109 3612 si
1124 3545 1293 3631 persoluto

320 3635 552 3703 commentario
576 3657 646 3701 meo
669 3634 889 3701 intellexerint
910 3655 962 3699 me
984 3654 1097 3699 earum
1118 3631 1292 3714 rationum,

319 3741 400 3804 quas
422 3721 514 3809 sequi
535 3721 641 3788 solent
664 3722 719 3808 qui
741 3721 776 3786 in
799 3719 931 3786 edendis
947 3718 1053 3785 medio
1068 3739 1148 3784 asro
1164 3717 1294 3802 scriptis

317 3812 503 3892 versantur,
527 3807 777 3892 haudquaquam
797 3807 948 3892 ignarum
969 3826 1038 3870 esse
1059 3804 1219 3888 potuisse,
1240 3824 1294 3868 su·

319 3893 545 3977 spioabnutnr‚
569 3893 605 3959 ni
627 3892 738 3975 fallor,
762 3891 858 3957 certis
880 3889 1073 3975 quibusdam
1095 3889 1200 3955 causis
1216 3908 1293 4040 per-

319 3979 451 4048 ductum
484 4003 535 4048 me
568 3980 609 4045 ab
642 3977 772 4045 illorum
806 4000 866 4044 usu
898 3979 932 4042 et
961 3997 1049 4042 more
1078 3975 1214 4042 receden
1237 3996 1293 4040 um
1333 3987 1335 3992 '

319 4067 480 4139 statuisse.
525 4066 578 4133 llli
607 4065 710 4150 enim,
739 4087 891 4152 quornm,
920 4085 994 4130 eum
1024 4063 1099 4130 viris
1127 4060 1308 4130 bisensis„

371 4181 487 4226 Thlcthldl
501 4181 551 4224 sits
566 4180 671 4224 wllllbr.
688 4182 754 4222 metr.
768 4179 806 4221 ed.
821 4177 947 4230 liunberg.
1088 4166 1144 4222 b*
