3340 4788
430 676 492 739 114
744 677 807 728 urs.
825 677 870 729 rv.
900 693 925 728 v.
944 677 1088 728 ora-roo.

430 829 554 896 Fraudis
577 829 612 894 ad
636 830 773 894 incudem
797 830 932 894 defertur
954 829 1082 892 malleus
1104 829 1167 891 irae
1305 827 1310 838 '
1353 839 1408 888 aaa·

474 915 596 979 Vindice
619 914 769 979 lubricans
792 919 861 997 igne
884 917 997 979 doloris
1020 933 1121 979 acum.

434 1004 607 1067 Femineam
630 1002 765 1065 fraudem
790 1021 877 1066 uerno
900 1005 1040 1083 cognorit
1062 1000 1097 1064 ad
1121 1017 1252 1080 unguent

477 1089 541 1152 Scit
563 1091 657 1168 magis
679 1087 851 1151 instabilem
874 1089 1007 1170 pendero
1029 1087 1130 1149 nullus
1152 1105 1246 1148 avem.

434 1175 543 1235 Evocat
565 1173 640 1235 baec
662 1173 816 1234 Paridem:
840 1177 918 1235 nosti
940 1176 1043 1256 patris,
1067 1174 1171 1252 inquit,
1194 1171 1338 1234 Achillem

476 1257 613 1320 Hectoris
636 1267 665 1319 ct
686 1257 780 1320 'lroili
804 1258 937 1320 membra
960 1256 1078 1319 dedisse
1100 1259 1184 1326 neci;
1353 1267 1409 1316 380

433 1345 500 1418 Quo
523 1344 664 1406 domnum
687 1346 801 1426 patriae
824 1344 906 1407 dedit
928 1340 1131 1424 insuperabile
1155 1350 1286 1414 nostroe,

477 1429 552 1493 Nanr
574 1429 683 1511 'lrojae
705 1431 829 1511 clypeus
852 1449 956 1492 nrurus
979 1439 1008 1491 et
1031 1447 1117 1492 orcus
1140 1437 1235 1492 erant.

436 1516 553 1581 Laudes
576 1517 699 1579 exlnrins
721 1517 768 1579 bis
791 1516 883 1580 indito
907 1536 1026 1600 sempor·
1049 1515 1199 1588 ireneside,

478 1603 579 1665 inclita
604 1601 719 1674 militia,
742 1604 858 1684 perdita
882 1606 939 1666 vita
962 1603 1054 1667 dedit.

435 1691 501 1753 Scis
524 1693 612 1751 etiarn
636 1690 717 1771 quod
739 1699 806 1750 erat
824 1689 1006 1752 fortissimus
1029 1707 1106 1750 unus
1130 1696 1160 1749 et
1182 1687 1265 1760 alter,
1354 1698 1405 1748 ³85

478 1775 511 1836 ln
534 1774 629 1836 stadio
650 1774 753 1836 mundi
775 1791 835 1835 non
858 1773 990 1836 habuere
1011 1791 1110 1854 pares.

439 1859 530 1920 liatur
553 1868 583 1919 et
604 1859 635 1918 ln
658 1859 748 1919 lando
770 1858 920 1936 singultus
942 1863 1006 1936 ipsa
1029 1857 1181 1934 loquentis

480 1940 608 2002 verbula
632 1941 811 2017 delacerent,
836 1943 940 2022 vixque
963 1959 1069 2002 sonare
1093 1941 1204 2002 sinunt.

436 2025 595 2086 Articulata
620 2026 696 2103 perit
718 2043 784 2094 vox,
808 2026 909 2104 prodit
931 2023 1119 2087 inarticulata

480 2109 516 2170 Et
537 2110 707 2188 singultatis
730 2109 853 2190 subjicit
875 2109 924 2170 illa
949 2111 1039 2171 sonis.
1141 2125 1157 2154 ⁸
1357 2119 1408 2170 auo

439 2195 526 2256 Nune
548 2196 678 2274 primunr
701 2194 774 2256 llore
797 2193 968 2256 renitebant
990 2193 1077 2256 ambo
1099 2192 1248 2271 juventae,

480 2279 553 2340 Vae!
582 2281 634 2340 toti
659 2279 773 2359 patriae
797 2297 887 2361 qurnn
912 2278 1047 2342 cecidere
1071 2277 1161 2339 male!

437 2364 572 2428 llcdecus
595 2365 652 2426 boc
674 2365 863 2446 reprehende
886 2368 955 2437 tuis,
979 2367 1003 2426 si
1026 2363 1111 2427 ruiles
1134 2383 1176 2442 ee,
1199 2367 1299 2438 arinis,

480 2450 511 2512 Si
536 2452 617 2520 vivis,
641 2452 717 2512 tanti
740 2452 874 2513 oriminis
897 2450 975 2512 ultor
998 2453 1069 2513 cris.

440 2535 563 2616 Quoque
587 2535 674 2595 modo
698 2539 802 2614 possis,
827 2555 913 2598 aures
936 2536 1064 2610 alluente,
1089 2534 1214 2607 docebo,
1358 2545 1409 2595 eoo

482 2619 584 2681 Nitcre
607 2619 744 2682 doctrina
768 2621 912 2701 providus
934 2639 998 2683 essa
1021 2638 1097 2682 mco.

440 2707 523 2768 Etsi
547 2722 606 2767 non
631 2709 747 2786 poteris
769 2706 826 2768 lroc
850 2706 973 2777 viribus.
997 2715 1060 2768 orte
1084 2706 1203 2778 iruarls,

480 2793 551 2853 Arte
575 2790 686 2854 cadunt
708 2803 816 2864 turres,
839 2799 903 2854 orte
926 2792 1040 2855 levatur
1063 2809 1148 2854 onus.

441 2879 472 2940 Sl
495 2879 561 2960 qrrls
584 2896 668 2939 avent
691 2880 762 2941 velit
785 2885 815 2941 et
835 2880 923 2942 aliam
946 2898 1011 2940 rern
1034 2879 1191 2958 prendere,
1216 2876 1306 2941 rebus

485 2963 655 3027 Prendendi
679 2969 758 3028 caris
781 2973 907 3047 occupet
929 2963 977 3026 ilie
1001 2964 1115 3035 locum;
1360 2975 1412 3024 roo

446 3049 1213 3132 mmwfflmmmmdmwfflm

486 3137 544 3198 llos
568 3136 742 3215 prendenda
766 3137 850 3216 logii,
874 3155 1002 3217 spesque
1024 3137 1129 3198 relicta
1151 3139 1242 3217 perit.
1332 3129 1337 3140 ’

445 3223 555 3282 Cautus
578 3224 657 3282 enirn
682 3222 796 3284 lorcam
819 3224 925 3284 metuit
947 3221 1035 3301 lopus
1058 3223 1270 3300 accipiterque,

484 3305 645 3383 Suspectos
668 3307 790 3385 laqueos
812 3315 844 3366 tu
868 3323 987 3386 quoque
1009 3305 1096 3366 rnilra
1118 3306 1209 3383 iugis.

439 3388 584 3450 Providus
607 3396 660 3461 est,
683 3393 803 3469 sapiens
827 3396 880 3458 est,
904 3388 998 3460 iortie,
1023 3395 1127 3451 cautus
1150 3387 1294 3450 belrilles:
1362 3397 1410 3447 405

485 3474 541 3534 Ars
563 3480 683 3533 cautum
707 3483 792 3534 caute
816 3473 918 3534 lallare
941 3481 1026 3534 cauta
1049 3472 1135 3533 solet.

509 3661 569 3710 394.
588 3659 675 3724 blnrg.
694 3657 724 3709 Si
741 3659 850 3710 vividus
864 3673 903 3709 eo.
974 3660 1033 3710 395.
1053 3663 1096 3708 est
1115 3657 1243 3708 Grralteri
1261 3657 1410 3713 Alexandr.

340 3723 345 3732 ”
441 3729 464 3791 Ι,
483 3743 510 3781 r.
530 3729 571 3779 8³.
641 3729 699 3779 398.
718 3727 854 3793 Pamphil.
871 3727 923 3786 ΙΙΙ,
945 3731 984 3778 ti.
1021 3727 1110 3778 'l'olus
1128 3725 1412 3780 hiolocueild'l-ldil

441 3795 612 3884 periphrasis
642 3801 685 3846 est
713 3795 861 3862 Pamphilii
890 3795 1075 3860 111,1asqq.
1162 3797 1221 3847 403.
1238 3797 1264 3846 4.
1290 3795 1412 3846 inritatio

440 3863 711 3982 Homllnrllb'slgnlgl
727 3867 831 3982 ffel&
843 3933 952 3983 foveam
971 3932 1053 3998 lupus
1073 3932 1260 3998 accipiterque

511 3997 661 4066 Suspectos
680 4000 794 4066 laqueos
813 4006 841 4051 et
859 4005 983 4066 opertum
1003 4000 1104 4050 miluus
1122 4001 1243 4056 lucernum.
