3372 4788
439 679 500 747 HS
740 682 1096 737 mum.nmmmn

437 837 480 904 td
503 841 621 920 signnm
644 857 696 902 sua
719 855 811 921 seque
834 847 949 920 perard,
973 846 1152 919 tempusque
1175 835 1335 918 locumque

480 926 655 998 observant,
680 923 772 988 lorice
794 944 877 988 arma
901 923 1003 988 subire
1026 933 1141 986 vocant.

438 1013 571 1096 Tempus
593 1021 658 1076 erat
671 1010 800 1075 ¹rlulslam
823 1029 935 1093 cogens
956 1013 1130 1090 nigrescere
1153 1010 1260 1084 lucem,

482 1100 537 1162 Cul
552 1117 650 1180 neque
665 1097 716 1160 lux
727 1117 824 1180 neque
838 1117 897 1160 nox
910 1107 964 1168 est,
977 1098 1029 1160 sed
1043 1107 1205 1180 utrumque
1218 1115 1336 1178 parcos.
1359 1105 1412 1154 sto

440 1183 506 1246 Non
529 1184 580 1245 dat
602 1184 700 1246 adlrne
721 1182 819 1246 clares
834 1181 1008 1245 custodibus
1023 1181 1264 1263 Amphimachus,
1287 1182 1340 1242 sed

483 1268 522 1329 Se
545 1285 640 1348 penes
663 1267 716 1328 lras
738 1265 852 1336 lralsult,
877 1274 978 1347 postea
1002 1284 1073 1327 vero
1095 1266 1186 1328 dedite

440 1353 543 1414 Clavus
566 1353 699 1413 Antenor
723 1348 975 1428 doclrlsiadesque
997 1349 1139 1421 tulerunt,

484 1436 543 1497 lles
566 1456 599 1496 ca
623 1453 747 1515 prorsus
769 1443 834 1496 crat
855 1437 1023 1513 suspicione
1046 1453 1162 1496 carens.
1225 1479 1229 1486 ·

441 1520 483 1584 od
508 1538 626 1582 murmn
650 1528 763 1601 portae,
787 1530 906 1582 carrium
930 1519 1039 1600 qnilms
1062 1539 1128 1582 csse
1152 1518 1299 1589 colebam,
1361 1527 1411 1576 ets

484 1605 651 1676 Adducunt,
677 1623 781 1667 murus
801 1614 834 1667 ut
855 1614 974 1667 tueatur
996 1623 1042 1667 co.

441 1693 478 1754 Et
499 1693 598 1753 statim
622 1699 707 1769 porta
730 1690 917 1754 succendunt
937 1690 1040 1752 luroen
1061 1701 1174 1772 aperta.

484 1775 619 1838 Gaudent
641 1775 678 1836 ad
701 1774 822 1836 rutilam
846 1775 952 1837 llorlca
975 1782 1072 1837 castra
1095 1777 1206 1848 lacem;

443 1861 579 1922 Luminis
602 1859 637 1921 ad
662 1859 777 1921 radium
801 1878 834 1921 se
857 1860 1091 1921 transferentes
1114 1859 1257 1939 Pyrrhus,

356 1949 362 1957 ’
484 1944 538 2004 Vix
562 1942 639 2004 bene
662 1946 830 2021 contigerat
852 1943 1006 2021 Pergama,
1030 1951 1115 2024 poem
1138 1950 1229 2022 patet.
1361 1951 1412 2000 mo

442 2029 509 2090 llox
532 2037 717 2088 reseratores
740 2045 793 2107 pro
816 2029 1043 2089 conservaminn
1065 2045 1181 2089 ramum

485 2116 507 2175 d
531 2111 647 2196 Pprrlm
670 2113 751 2193 pacis
773 2111 976 2195 praesidiique
999 2114 1110 2175 icrunt.

349 2235 362 2244 «ι
442 2199 482 2263 Se
504 2217 701 2281 quaecunque
724 2197 830 2263 domus
851 2201 937 2280 signo
959 2201 1135 2262 cristarerat
1156 2199 1229 2270 istm

490 2285 621 2369 rycrtnn
643 2287 700 2357 edt;
723 2285 804 2349 nulla
826 2305 881 2371 per
904 2295 1083 2350 nocumenta
1106 2285 1201 2358 cadet,

446 2375 502 2437 Vns
524 2376 617 2452 igitur
642 2379 735 2436 restro
760 2383 934 2458 vestrosque
957 2377 1095 2456 reponite
1117 2383 1180 2436 tuto
1362 2383 1413 2434 sto

489 2460 527 2522 Ut
549 2479 600 2522 ves
623 2469 780 2523 conservat
802 2463 899 2542 pactio
922 2462 998 2524 lacta
1021 2461 1096 2523 loco.

671 2642 1187 2716 [coucnurcounruucuonmq

446 2765 532 2835 Urbs.
555 2768 648 2848 stylus
671 2777 834 2830 extremam
858 2767 943 2848 cujus
962 2767 1024 2848 jam
1047 2769 1196 2849 scriptitat
1217 2765 1331 2838 horam,

487 2855 546 2914 dra
570 2870 684 2931 regum,
707 2870 868 2933 procerum
891 2870 967 2933 quae
990 2852 1049 2914 luit
1071 2860 1160 2932 atque
1182 2852 1302 2922 dueum,

445 2935 541 3008 Onam
565 2939 641 2999 situs
663 2937 727 3016 ipsa
751 2938 818 3008 loci,
842 2954 930 3015 quam
954 2955 1055 2999 rerum
1079 2938 1165 3018 copia
1188 2936 1283 3016 major

493 3019 614 3092 Extulit,
638 3029 726 3102 atquc
750 3021 892 3100 frequens
915 3039 1019 3083 rumor
1041 3021 1077 3084 ad
1100 3030 1179 3084 astra
1204 3022 1289 3085 tulltl
1365 3032 1417 3082 uso

447 3106 527 3168 llaec
549 3105 648 3186 ajunt,
672 3105 752 3187 quod
775 3105 831 3168 sub
853 3106 1002 3169 dbralram
1025 3115 1209 3178 constructa,
1232 3106 1287 3169 sed
1311 3107 1414 3168 dbdoo

492 3190 537 3251 Sit
559 3190 639 3269 quod
662 3189 717 3250 sub
741 3198 845 3253 nostro
865 3191 965 3269 judica
987 3198 1078 3252 strata
1100 3191 1174 3260 sole.

447 3273 485 3333 Et
506 3280 577 3334 srrnt
599 3273 650 3353 qul
672 3275 773 3335 dicant
795 3273 872 3334 hane
893 3273 1060 3336 surrexisse
1081 3273 1138 3335 auls
1161 3273 1257 3342 diotlr.

487 3356 544 3427 Qui
569 3358 711 3438 pinguem
733 3356 829 3419 valido
852 3355 973 3419 vulnere
996 3359 1060 3420 lixit
1081 3357 1190 3434 Epion:

446 3441 483 3504 Et
505 3443 631 3504 tortasse
646 3440 749 3521 legens
770 3444 814 3504 sle
836 3442 923 3513 dicct,
948 3441 1090 3505 cuntulit
1112 3451 1218 3505 arretor
1361 3453 1412 3502 uss

490 3527 521 3588 ln
545 3545 693 3590 camaram
715 3528 806 3590 studii
828 3528 935 3590 Troica
959 3526 1036 3590 lrclla
1059 3526 1134 3588 silril

514 3717 1070 3798 mmwmmmmm

514 3803 633 3870 Tempus
651 3809 713 3854 arat
729 3802 842 3854 dubiem
861 3819 964 3871 cogens
981 3802 1137 3870 pallescere
1155 3803 1255 3868 locem,

515 3871 568 3923 Oui
585 3887 674 3938 usqne
693 3869 739 3923 lux
756 3887 846 3938 nequa
863 3887 918 3924 nox
937 3872 1054 3939 imponit
1071 3887 1170 3924 noman
1186 3877 1342 3938 utrumqne.

349 3998 357 4012 ‚
445 3943 505 3992 sto.
524 3939 611 3991 achel.
631 3939 831 4005 crepusculum.
873 3942 932 3993 802.
951 3955 1057 4020 margo:
1077 3940 1254 3992 noatardiclt
1266 3940 1339 4005 quod
1352 3943 1418 3991 tenr-

447 4006 561 4074 poribua
576 4005 701 4106 judicum
714 4021 796 4071 quum
815 4013 891 4060 cacat
901 4008 998 4059 Abdnn
1014 4007 1102 4071 judex
1116 4008 1258 4059 destructe
1268 4013 1312 4058 eat
1323 4005 1417 4071 Trois.
