3674 4790
467 676 489 739 4
874 675 1085 729 PRAEFATIO.

468 795 706 912 praesmfuisee
729 824 880 906 videntur,
902 844 983 888 nuno
1006 829 1203 889 evanuerunt
1240 825 1355 888 'Portus
1374 824 1489 885 mendis

469 928 577 1008 plenus
607 928 667 1004 est,
694 925 786 1004 idque
813 944 904 1004 saepe
931 929 1056 1005 propter
1085 924 1233 987 ineurism
1263 924 1309 986 rei
1338 925 1491 986 mettioeo.

469 1028 519 1091 Au
546 1027 636 1090 huius
664 1028 835 1107 exemplum
861 1026 956 1103 isoio,
988 1025 1043 1087 sed
1071 1025 1231 1105 aliquoties
1255 1025 1415 1086 emendate
1437 1029 1491 1100 est

471 1147 548 1206 quee
577 1127 610 1189 in
639 1127 777 1206 Mignei
808 1124 922 1187 Cursus
952 1124 1144 1202 Petrologiee
1175 1123 1309 1186 Greeeee
1338 1127 1420 1186 tomo
1449 1125 1490 1184 38

471 1224 610 1302 Gregorii
638 1225 752 1300 eoripte
779 1224 818 1284 ed
847 1224 958 1284 oeloem
986 1223 1129 1298 sequitur.
1174 1221 1298 1281 Nullius
1321 1223 1407 1283 nobis
1431 1240 1493 1280 mo·

471 1320 566 1382 menti
593 1323 641 1382 est
668 1319 760 1380 editio
784 1319 916 1398 Augusti
939 1318 1114 1394 Lelenne,
1138 1320 1191 1395 qui
1213 1317 1312 1378 multe
1334 1320 1492 1395 supposito

472 1435 538 1479 esse
560 1421 646 1477 nehus
669 1408 790 1498 (1852)
814 1415 1003 1496 tregoedism
1027 1420 1091 1475 tem
1113 1414 1253 1476 mutilem
1275 1415 1428 1492 vulgavit,
1458 1417 1494 1473 ut

473 1515 592 1577 sitnon
610 1515 680 1592 plue
701 1516 786 1576 1039
806 1532 958 1576 versuum.
996 1513 1102 1591 Longe
1125 1513 1241 1592 optimu
1262 1515 1311 1574 est
1333 1511 1493 1572 Duebne·

471 1613 588 1693 riene,
612 1615 710 1693 1846,
732 1616 881 1691 epperetu
904 1612 1007 1674 oritioo
1032 1611 1184 1674 meeum
1205 1617 1238 1673 et
1260 1612 1423 1692 diligenter
1445 1631 1493 1672 ex-

476 1715 571 1792 erute,
594 1730 655 1773 une
677 1730 746 1774 oum
760 1711 906 1791 Wegneri
923 1711 1117 1790 Fragmentis
1135 1711 1308 1788 Euripideie
1330 1710 1495 1788 publioete.

473 1811 549 1873 Post
570 1811 650 1872 huno
672 1811 710 1872 A.
725 1809 889 1872 hillissen
911 1810 943 1870 in
965 1809 990 1872 1.
1009 1814 1091 1873 tomo
1110 1811 1210 1888 operis
1229 1809 1418 1889 „Anelekten
1440 1810 1495 1870 der

475 1908 591 1971 mittel-
615 1909 676 1968 und
700 1907 967 1985 neugrieohisehen
990 1905 1171 1970 Literetur“
1197 1909 1282 1968 1865
1312 1907 1425 1968 librum
1452 1909 1496 1967 ite

476 2006 557 2067 sores
581 2005 666 2067 dedit
687 2008 724 2066 ut
747 2005 976 2066 translationem
1000 2004 1185 2067 (iermunem
1207 2004 1346 2083 adderet,
1369 2006 1423 2066 sed
1446 2023 1496 2082 ep-

476 2108 615 2182 peretum
634 2104 769 2165 oritionm
791 2105 954 2164 omitteret
987 2103 1024 2164 In
1042 2108 1129 2165 textu
1147 2102 1358 2165 constituendo
1377 2121 1496 2179 semper

475 2202 539 2265 iere
561 2201 757 2264 Duebnerum
781 2206 903 2264 seoutue
926 2207 981 2264 est

543 2300 691 2372 Quouiem
713 2300 868 2362 Duehneri
895 2300 989 2362 editio
1015 2320 1078 2363 une
1099 2301 1211 2363 eritiois
1235 2300 1368 2380 expedit,
1401 2299 1496 2360 solem

476 2417 595 2478 semper
618 2400 792 2478 respiciam,
815 2400 944 2462 eliorum
966 2400 1111 2462 leotiones
1134 2418 1203 2460 roro
1222 2400 1355 2461 efferum.
1392 2398 1428 2458 In
1445 2415 1496 2459 no-

476 2497 517 2558 tis
545 2499 620 2560 hese
647 2499 737 2558 litere
759 2499 791 2576 ri,
820 2498 1083 2559 Benedictinorum
1107 2501 1138 2577 h,
1166 2497 1322 2559 Filiissenii
1345 2515 1360 2558 e
1382 2495 1494 2573 signiti-

478 2595 605 2656 uehitur.

544 2689 697 2751 Oedioee
724 2693 983 2770 manuscripti,
1016 2693 1126 2769 quihus
1153 2693 1229 2754 heeo
1254 2691 1413 2770 tregoedie
1435 2710 1496 2753 ser·

477 2790 577 2867 retur,
598 2788 681 2850 heud
703 2789 793 2865 peuoi
815 2793 896 2870 sunt,
919 2809 1048 2868 quorum
1066 2795 1131 2852 tres
1150 2791 1282 2852 Perisiui
1301 2810 1320 2851 e
1337 2790 1498 2853 Duehnero

478 2887 581 2950 colluti
610 2891 689 2948 sunt
740 2885 851 2950 Omnes
882 2888 977 2951 dividi
1008 2893 1135 2967 possunt
1166 2891 1198 2951 in
1230 2890 1369 2952 olesses
1401 2890 1498 2952 dues.

479 2986 718 3065 Antiquissimus
737 2987 872 3050 omnium
890 2990 923 3050 et
940 2987 1220 3067 praestantissimus
1239 2993 1287 3050 est
1304 2988 1499 3050 Parisinus

479 3105 508 3149 n.
528 3087 626 3160 287⁶,
649 3103 669 3145 e
690 3083 850 3146 Duebnero
874 3089 947 3147 note
969 3086 996 3148 0
1016 3087 1176 3151 indicetur.
1213 3087 1271 3148 Est
1293 3087 1499 3165 bombycinus,

479 3202 557 3244 seeo.
575 3183 667 3258 XIIL,
690 3187 723 3244 et
746 3184 880 3246 eontinet
903 3184 996 3246 Pselli
1018 3186 1132 3262 euripis
1154 3185 1265 3263 ulique,
1289 3183 1397 3245 deinde
1416 3183 1500 3244 chri-

481 3285 563 3342 stum
585 3281 762 3357 potientem,
787 3279 977 3342 Constantini
997 3283 1144 3343 Mounesis
1163 3282 1341 3342 historicum
1363 3299 1499 3357 oompen·

481 3378 564 3438 dium
591 3378 725 3456 hiisque,
752 3377 784 3438 in
812 3378 859 3439 his
888 3378 957 3440 inde
985 3398 1004 3441 e
1031 3378 1166 3441 f01.1oe
1192 3378 1332 3457 Gregorii
1359 3378 1499 3439 oermiue.

481 3475 527 3536 Ex
551 3476 655 3537 eodem
679 3495 738 3554 quo
766 3476 816 3538 hio
838 3477 921 3538 fonte
945 3477 1094 3556 originem
1117 3476 1204 3539 duxit
1227 3477 1319 3540 codex
1341 3477 1415 3538 bibl.
1437 3495 1500 3553 reg.

483 3575 723 3653 Moneoensie,
746 3593 826 3637 nuno
843 3576 907 3636 ood.
921 3574 973 3638 Gr.
990 3596 1020 3638 n.
1039 3576 1112 3652 154,
1137 3576 1300 3655 olim193,
1322 3595 1412 3655 quem
1428 3579 1501 3636 nom

483 3676 522 3736 M
538 3673 674 3753 significo
694 3674 869 3753 primusque
887 3677 1008 3738 eontuli.
1042 3674 1226 3737 Oherteeeus
1245 3681 1300 3752 eet
1320 3675 1501 3738 enn01550

483 3793 502 3834 e
523 3772 654 3851 Georgio
678 3772 841 3851 Tryphone
865 3774 1004 3852 seriphus.
1040 3775 1078 3835 In
1099 3795 1134 3836 eo
1154 3773 1313 3836 Christum
1333 3775 1501 3853 potientem

483 3870 635 3932 antecedit
653 3871 802 3932 Menessis
821 3871 961 3948 historie,
981 3877 1149 3953 sequuntur
1166 3874 1284 3952 eliquot
1302 3873 1415 3951 scripte
1429 3871 1501 3934 Gre-

482 3968 657 4046 gemilium,
681 3970 803 4029 oreoule
817 3968 978 4046 Theophili
1002 3976 1033 4033 et
1051 3971 1162 4032 Leonis
1184 3971 1366 4048 philosophi,
1389 3973 1503 4034 seholie

485 4066 637 4144 Aesohyli.
674 4065 711 4126 In
734 4070 862 4144 utroque
885 4068 962 4128 libro
985 4069 1061 4130 heeo
1083 4069 1240 4147 tregoedie
1262 4070 1376 4131 meiere
1394 4073 1426 4130 et
1444 4068 1503 4130 ele·
