3340 4788
578 689 640 741 nib.
659 691 707 742 ιν.
733 706 759 741 v.
777 692 922 743 sar-sas.
1175 673 1235 756 ias

267 840 384 904 Cedunt
406 852 436 904 ot
454 841 596 923 juvenum
619 860 678 905 non
701 860 796 922 pauca
820 845 988 923 frequentia
1009 861 1121 912 secum.

310 927 459 989 Mentibus
480 936 510 987 ct
533 925 676 988 membris
698 929 748 1007 qui
771 929 894 1007 viguere
916 931 995 991 satis.

266 1011 474 1092 Cappadocum
496 1022 602 1090 gentes
624 1012 736 1072 aderint
759 1021 786 1071 ct
810 1014 927 1073 moenia
949 1012 1045 1081 Ponti,

314 1094 433 1156 losidlls
455 1097 551 1155 cincti
569 1094 621 1155 sed
644 1098 837 1174 perimuntur
859 1097 912 1157 ibi.

269 1181 356 1241 Venit
377 1178 413 1238 ad
436 1196 547 1240 uxores
569 1179 688 1241 illorum
712 1179 750 1240 de
773 1197 846 1241 nece
869 1198 981 1248 rumor,
1186 1189 1236 1237 eoo

309 1264 345 1325 ttt
366 1264 516 1324 succrevit
539 1265 582 1323 cis
605 1281 673 1324 cum
697 1265 815 1325 scritate
838 1266 933 1329 iuror.

266 1350 432 1410 Vindictam
457 1350 589 1428 propriis
610 1349 769 1410 intendunt
791 1350 916 1412 tendere
938 1349 1053 1412 dextris

312 1434 350 1496 Et
372 1450 432 1495 non
454 1435 568 1514 ignaris
590 1433 742 1498 mentibus
764 1453 846 1497 arma
869 1438 961 1499 cient.

268 1519 362 1599 llujns
384 1521 530 1600 propositi
553 1523 593 1582 sit
615 1528 648 1582 ut
670 1518 809 1584 omnibus
833 1540 891 1585 una
915 1523 1060 1590 noluntas.

309 1607 488 1669 interimunt
510 1625 623 1677 onustes.
647 1625 722 1690 quos
745 1607 888 1680 babucre,
914 1609 1002 1670 viros.
1186 1617 1238 1667 880

268 1690 408 1761 Exibunt
432 1701 462 1753 et
484 1691 521 1753 ab
544 1692 592 1754 bis
613 1695 711 1755 Asiam
735 1697 768 1756 llt
789 1711 888 1773 pugna
912 1710 966 1775 per
988 1711 1117 1762 omnem.

312 1777 459 1858 incipiunt
481 1776 553 1839 belli
577 1780 776 1859 prosperitate
799 1779 869 1841 lrui.

267 1863 304 1926 m
325 1861 526 1926 comitabatur
549 1865 670 1926 uictoria
692 1883 813 1948 setrrpor
835 1863 954 1927 casulum

311 1951 468 2031 Oppositus
491 1959 620 2020 terrens,
644 1961 760 2033 promta
784 1952 927 2032 troplraoa
950 1954 1063 2014 lenens.

269 2033 424 2107 Quaelibet
444 2034 563 2098 illarum
584 2035 645 2116 jam
669 2056 741 2117 pace
764 2054 924 2116 perarma
948 2053 1068 2099 reversa
1186 2045 1236 2094 885

311 2120 457 2201 Disponit.
480 2121 594 2182 inerint
617 2140 693 2201 quac
717 2121 851 2183 iacienda
875 2122 964 2183 domi.

270 2205 300 2264 Sl
325 2222 412 2284 quam
436 2203 572 2272 delectat.
596 2207 688 2268 immo
710 2206 840 2268 delectat
861 2203 996 2268 habenda

311 2288 445 2349 Gaudeat
466 2295 500 2348 ut
521 2288 616 2369 prole,
640 2298 736 2351 mater
759 2298 789 2352 et
810 2308 876 2352 esse
899 2289 978 2356 velit.

270 2369 417 2432 illustrem
440 2381 526 2434 rocat
548 2371 598 2434 illa
621 2376 733 2448 rtrum3
757 2374 802 2434 vir
824 2379 941 2435 amatur
963 2380 998 2436 ut
1019 2371 1138 2451 hospes,

311 2455 393 2526 Quae
415 2473 506 2536 quum
531 2475 563 2517 se
585 2455 737 2536 gravidam
760 2459 901 2528 senserit,
924 2457 975 2517 ille
998 2455 1086 2517 redit
1189 2465 1240 2514 840

269 2539 343 2600 Filia
368 2538 512 2618 diligitur,
536 2543 667 2602 nutritur
689 2539 725 2601 ad
749 2558 841 2612 arma,
865 2541 1007 2608 elocatum

311 2620 403 2684 Filius
425 2625 455 2684 in
479 2626 589 2704 stygias
611 2625 823 2706 praecipitatur
847 2643 949 2706 auitas.

273 2709 431 2770 Cremcnto
454 2719 553 2772 carcat
575 2720 608 2772 ut
629 2711 733 2774 dextra
757 2711 898 2780 mamilla,
921 2718 1081 2779 occuratur,

313 2795 350 2855 tlt
371 2802 463 2864 caret,
488 2802 520 2856 ut
542 2794 629 2858 bellis
650 2803 767 2876 promta
790 2799 831 2859 sit
851 2795 899 2859 illa
924 2815 1038 2858 manus.

271 2878 384 2939 Nomen
408 2883 537 2941 Amazon
562 2879 664 2951 babes,
689 2884 773 2962 quasi
797 2883 879 2944 dicas
901 2881 1015 2963 absque
1032 2880 1173 2952 mamilla,
1189 2890 1240 2941 845

314 2963 424 3025 lisine
446 2973 624 3045 praesentat,
648 2985 837 3049 mammaquc
861 2986 963 3030 mazon
987 2968 1055 3028 erit.

271 3049 407 3126 ltegnum
430 3050 551 3128 reginae
573 3052 723 3130 quondam
746 3071 852 3114 rexere
875 3051 994 3124 duales;

313 3133 349 3195 Et
369 3151 465 3214 regno
487 3135 585 3196 iuerat
607 3137 721 3199 inditus
743 3138 801 3199 iste
824 3146 934 3200 status:

272 3220 334 3282 llna
358 3218 438 3281 domi
461 3221 575 3301 patriae
598 3229 697 3284 custos
719 3224 784 3294 luit,
808 3221 901 3286 altera
924 3241 996 3286 vero

313 3307 371 3368 l‘ro
394 3308 477 3386 regni
498 3308 604 3387 spatiis
627 3308 730 3370 ontulit
752 3327 832 3370 arma
857 3311 945 3373 toras.
1190 3317 1241 3366 850

275 3393 335 3456 lina
358 3393 479 3474 ‹ptirlcm
503 3397 600 3457 tonuit
621 3395 776 3478 blarsepia.
801 3396 945 3480 Lampeto
968 3412 1078 3458 nonrcu

315 3480 431 3552 Altera:
456 3481 600 3562 regnabat
620 3481 694 3545 baec
717 3484 799 3551 ioris.
824 3483 872 3546 illa
896 3484 987 3546 dutrii.

273 3567 333 3628 llas
354 3568 434 3630 iuter
456 3570 573 3630 virtutis
595 3588 667 3649 opes
688 3570 832 3650 llarscpia
857 3579 984 3633 mortem

316 3651 423 3714 llostili
444 3653 544 3733 gladio
567 3655 672 3715 iraude
695 3655 820 3718 subacta
843 3652 917 3720 tulit.

273 3736 345 3797 tntis
369 3741 417 3799 cui
441 3739 553 3818 Sinope
575 3741 738 3801 succressit
760 3740 911 3818 dignaque
935 3739 1022 3802 laudo
1192 3747 1242 3795 855

343 3935 401 3987 oct.
426 3936 494 3986 Corl.
517 3936 621 4001 reginis
639 3935 754 3986 dnobus.
859 3938 918 3988 851.
937 3938 978 3988 53.
1007 3935 1088 4000 Apud
1115 3935 1243 3987 Orosium

274 4017 373 4053 arnmen
390 4003 532 4070 Marpesia
550 4008 642 4056 sonat.

326 4092 419 4136 Troilus.
1024 4090 1039 4138 9
