3340 4788
607 716 670 768 111.
688 717 720 766 v.
750 733 776 767 v.
796 717 939 769 rou-roa.
1198 715 1257 783 131

335 868 369 931 ln
391 867 484 931 coelis
504 876 606 930 marret
626 869 673 931 his
696 871 741 931 ris
763 879 926 932 memorato
949 869 1035 934 locis.

291 953 356 1014 Non
379 953 456 1016 idem
479 970 586 1014 cursus
609 961 654 1014 est
676 951 824 1023 onicinus,
847 952 897 1016 ille
918 954 1036 1035 planeta
1212 965 1260 1015 too

334 1035 436 1107 Velox,
460 1035 507 1097 hic
529 1037 643 1106 tardus,
667 1035 715 1096 hic
738 1034 833 1114 ntagis
855 1036 913 1098 hoo
936 1037 980 1100 vel
1004 1059 1050 1100 eo.

290 1119 347 1180 llic
368 1118 410 1180 illi
433 1119 539 1181 domus
562 1127 618 1188 est,
642 1119 692 1182 hic
714 1117 819 1198 gloria,
841 1121 971 1182 servitus
993 1120 1056 1182 illic

334 1202 461 1283 Semper
482 1209 556 1272 oret,
579 1221 700 1283 semper
723 1204 868 1281 septimus
892 1205 985 1266 hostis
1009 1208 1074 1266 erit.

291 1286 341 1348 Sol
363 1286 472 1349 solium
494 1284 576 1349 solus
599 1287 689 1366 elegit
709 1288 741 1349 ln
763 1287 837 1350 aede
860 1288 964 1359 leonis,

336 1372 390 1434 Est
412 1375 492 1435 aries
513 1371 586 1434 solis
608 1370 710 1451 gloria,
734 1391 829 1453 poeno
852 1371 938 1436 libra.
1211 1383 1262 1433 110

292 1457 325 1518 iu
348 1475 458 1520 cancro
480 1456 570 1519 lunae
593 1458 693 1520 rideas
716 1453 894 1529 habitacula,
919 1468 1023 1522 taurus

337 1540 431 1604 Altius
453 1539 579 1613 extollit,
601 1545 721 1624 scorpio
745 1552 857 1622 pugnat
878 1561 955 1606 eant.

296 1626 385 1690 Libra
407 1628 514 1690 (lomus
537 1628 661 1690 Veneris
684 1636 713 1690 et
736 1637 846 1698 taurus,
870 1627 1003 1708 piscibus
1025 1637 1123 1690 nutent

335 1713 459 1790 ilegnet.
482 1714 526 1775 sic
549 1715 685 1794 queritur
708 1713 823 1792 virgine
846 1714 928 1793 virgo
952 1715 1058 1794 premi.

294 1799 414 1877 Virgine
437 1797 603 1861 Mercurius
624 1796 752 1862 lactatur·
773 1806 804 1861 et
825 1799 855 1860 in
879 1802 1069 1879 geminorum
1214 1807 1263 1858 tte

337 1883 465 1965 imperat
487 1884 628 1966 hospitio,
652 1884 784 1966 piscibus
807 1884 875 1949 exul
899 1887 965 1948 erit,

293 1971 401 2035 laetae
423 1973 589 2054 suscipiunt
610 1973 689 2035 aries
710 1981 740 2035 et
762 1973 880 2054 scorpio
902 1972 1037 2043 Martem,

338 2059 417 2120 ilars
439 2058 492 2121 tibi
515 2077 624 2121 cancer
647 2059 754 2129 lionor,
777 2059 830 2121 sed
853 2059 1049 2138 capricornus
1070 2059 1162 2121 onus!

297 2144 416 2224 Jupiter
438 2141 550 2206 exultat
572 2145 603 2204 in
626 2144 759 2225 piscibus
781 2154 870 2226 etque
892 2145 1007 2224 sagitta,

338 2230 393 2292 unt
414 2247 522 2290 cancer
544 2249 597 2292 rer
621 2239 675 2299 est,
699 2249 787 2310 capra
812 2227 970 2300 bubulcus·
989 2233 1039 2292 ait.
1215 2237 1264 2288 180

298 2313 418 2376 Saturni
441 2313 548 2375 domus
570 2322 615 2375 est
637 2324 667 2376 et
688 2316 828 2394 aquarius
851 2323 881 2376 et
903 2317 1100 2394 capricornus

338 2397 473 2460 Servitus
494 2407 541 2460 est
562 2399 650 2470 aries,
675 2397 750 2460 libra
772 2416 882 2460 corone
906 2399 980 2460 seni.

296 2482 366 2543 Post
388 2481 491 2560 epulas
513 2483 608 2560 egitur
631 2493 663 2543 ut
684 2499 807 2543 sotnnus
830 2482 965 2543 membra
987 2480 1104 2548 salutet,

339 2566 470 2644 Reginae
492 2583 601 2646 corpus
624 2585 714 2628 aurea
738 2567 850 2645 sponda
875 2566 962 2627 louet.

434 2729 723 2803 [renuneslttcnn
741 2729 876 2786 existis
893 2729 932 2785 lN
950 2726 1129 2798 Pneueit]

302 2854 423 2916 Postera
445 2852 582 2914 Phoeben
606 2852 655 2914 lux
678 2852 787 2915 lustrat
807 2852 945 2934 lampade
968 2861 1080 2926 terres;
1218 2858 1266 2908 181

340 2938 407 3000 Jam
430 2936 503 3000 libet
524 2939 554 2999 in
578 2936 657 2999 bello
679 2939 868 3000 conseruisse
890 2954 1005 3006 marius.

300 3025 364 3086 Stet
386 3025 506 3102 sonipes
528 3040 564 3083 sc
586 3023 670 3084 irena
693 3025 774 3083 leros
798 3025 966 3102 spumantia
989 3021 1115 3091 mordet,

341 3107 431 3187 Cujus
453 3125 592 3188 pressura
616 3113 734 3186 tergora
758 3109 840 3186 virgo
861 3108 927 3169 iuit.

300 3194 347 3257 Fit
368 3212 460 3256 sonus
483 3191 518 3254 ad
542 3191 665 3264 bellum,
688 3211 780 3274 quum
805 3191 914 3271 tigride
936 3191 1083 3270 promtior
1105 3207 1186 3251 arma

341 3277 475 3342 Bellandi
496 3278 595 3341 stillio
619 3277 803 3340 Penthesilea
826 3277 916 3338 subit.
1219 3282 1269 3333 110

298 3367 432 3447 Protegit
453 3368 574 3445 egregia
597 3363 688 3427 lorica
712 3363 846 3426 irremissa
869 3355 1011 3444 triplice,¹

342 3455 438 3518 Ocrea
461 3453 570 3517 [errata
593 3450 718 3515 1111111111
743 3469 830 3514 crura
854 3451 939 3530 tegit:

301 3609 503 3620 u*—

371 3695 427 3750 173.
462 3691 574 3749 Confer.
596 3692 720 3744 Marcell.
744 3691 852 3758 Peling.
872 3709 897 3758 p.
915 3692 965 3742 tte
983 3690 1061 3739 mii
1081 3688 1160 3753 (edil.
1178 3687 1270 3739 Paris.

303 3759 452 3827 158313).
523 3765 579 3813 173.
599 3760 722 3812 Marcell.
742 3759 849 3822 Palian
870 3759 887 3810 l.
906 3759 952 3812 cit.
971 3774 997 3823 p.
1015 3759 1076 3820 313,
1096 3773 1121 3806 v.
1143 3758 1167 3808 1.

404 3830 558 3880 Mercurius
576 3829 699 3880 Geminis
718 3833 747 3878 et
766 3827 880 3890 pulchro
898 3825 1011 3890 Virgine
1031 3823 1143 3886 caudet.

306 3899 364 3949 133.
383 3895 495 3962 Virgilii
514 3897 687 3959 Aen.1v,o.
758 3895 816 3947 ter.
835 3894 911 3958 Virg.
931 3895 999 3943 Aen.
1019 3891 1067 3952 IV,
1088 3893 1136 3941 tes

405 3964 469 4015 Stel
485 3965 608 4031 sonipes,
627 3981 661 4016 ne
680 3965 757 4015 irene
775 3963 854 4014 ferox
871 3961 1030 4028 spumantia
1048 3957 1164 4010 mendit.

304 4037 362 4086 tuo.
381 4050 396 4085 e
415 4034 538 4100 morgino
559 4049 607 4098 pro
626 4032 687 4082 init.
