3368 4792
417 643 458 707 14
749 643 812 694 Lib.
831 642 853 694 1.
882 657 908 695 v.
926 643 1054 695 88-122.

461 801 626 880 Praeparat
647 797 808 861 arnuandos
830 805 861 860 ct
882 815 976 877 genus
998 815 1087 860 onrue
1110 799 1179 860 cihi.

415 885 500 948 illico
524 885 628 946 militia
652 901 685 944 se
708 882 822 962 colligit
843 885 909 954 ista,
930 883 1070 962 iurentur

460 969 581 1033 Florida
605 971 721 1031 diverso
744 968 862 1044 robore,
886 976 985 1030 urente
1008 970 1082 1049 pari.
1355 979 1390 1029 oo

415 1057 450 1119 ln
474 1073 562 1117 nares
586 1053 679 1116 electa
702 1052 811 1115 cohors
833 1072 866 1114 se
888 1063 1025 1133 prompta
1048 1062 1191 1132 receptat,

458 1140 492 1201 ln
515 1139 674 1218 Phrygiam
697 1148 847 1218 properat,
871 1138 1049 1218 applicuisse
1071 1140 1163 1199 iurat.

418 1224 493 1287 Cum
516 1221 605 1283 Peleo
628 1221 772 1283 Telamon
795 1220 887 1284 saluit
911 1225 941 1282 iu
964 1222 1060 1292 litora,
1083 1224 1186 1303 sicque

459 1307 617 1371 Alcmenae
640 1305 775 1378 sobolem
797 1309 895 1386 surgit
916 1306 952 1369 ad
976 1317 1055 1369 astra
1078 1325 1180 1369 canor.

416 1395 476 1457 Sed
498 1393 602 1456 Castor
624 1392 791 1475 Pollnxque
814 1399 936 1455 manent
957 1409 1023 1455 cum
1048 1392 1182 1462 Nestore,
1206 1390 1312 1455 nolunt
1353 1402 1387 1452 tta

460 1479 659 1544 incustoditas
682 1478 853 1542 deseruisse
875 1498 975 1542 rrares.

418 1569 489 1631 l'ert
512 1569 621 1630 iterum
647 1563 780 1648 [rumor]
805 1567 856 1628 hic
879 1565 1087 1628 Lacruedoutis
1111 1567 1142 1627 in
1164 1564 1278 1629 arulam:

459 1655 511 1717 Est
533 1655 563 1715 iu
587 1653 693 1733 Sigaeo
715 1652 819 1715 classis
839 1653 966 1716 hrchira
988 1652 1063 1714 solo.

415 1740 459 1803 ild
483 1759 565 1804 mare
587 1758 640 1801 rex
663 1743 734 1810 erit,
758 1757 847 1818 iguem
871 1740 954 1821 copia
978 1741 1071 1818 cingit
1092 1741 1252 1821 eqrrestris,

459 1827 615 1906 Argolicos
638 1827 723 1905 regni
745 1824 858 1906 pellere
880 1827 939 1888 dne
961 1828 1019 1888 sui.

417 1912 475 1975 Sed
500 1911 600 1974 medlo
622 1912 745 1973 invenes
766 1913 943 1992 impugnant
965 1918 1099 1991 tempore
1122 1909 1252 1990 Troiam,

460 1996 534 2071 ilex,
556 1994 608 2058 ubi
631 1996 687 2058 scit
709 2013 808 2076 pugna
831 2014 907 2076 qrrao
930 1996 969 2057 sit
990 1995 1124 2066 suborta,
1148 1995 1237 2059 redit.

417 2081 588 2144 Occurrunt
610 2080 727 2151 Graeci,
752 2099 805 2142 rex
828 2079 964 2143 llerculis
987 2100 1058 2144 ense
1081 2090 1255 2164 peremptus

459 2166 585 2237 Occidit,
609 2175 639 2228 ct
660 2165 804 2228 Telamon
828 2167 972 2246 Pergama
995 2170 1094 2247 primo
1117 2165 1206 2237 subit,

418 2253 473 2315 Curi
495 2270 564 2314 uror
586 2252 617 2312 in
640 2253 769 2332 pretium
791 2252 910 2314 virtutis
931 2261 1072 2314 strennus
1094 2252 1186 2314 heros

460 2337 627 2419 llcspouem
652 2333 787 2420 [rratoru]
811 2338 1012 2400 Morererioutc
1036 2339 1127 2400 derht.

418 2421 480 2484 Neo
502 2423 585 2484 solrrs
606 2440 660 2482 rex
683 2424 804 2492 interiit,
829 2440 897 2484 cum
920 2441 990 2500 rege
1013 2424 1140 2500 proiecti

459 2504 585 2584 {legales
607 2509 694 2585 pneri
717 2508 976 2584 comperimuutnr
997 2505 1050 2566 ibi.

415 2589 449 2650 ln
471 2588 631 2669 Phrygiam
654 2589 791 2650 Priamus
814 2588 911 2651 inerat
933 2607 1000 2651 cnm
1025 2588 1118 2650 milite
1142 2591 1257 2661 missus,

458 2673 616 2735 Fratribus
638 2675 745 2735 occisis
768 2691 845 2735 riuus
866 2681 1019 2754 superstes
1041 2681 1114 2736 erat.

416 2757 625 2841 Amphitrione
647 2767 729 2820 satus
751 2765 781 2820 et
803 2757 916 2821 Graeca
939 2761 1057 2820 iuventa
1080 2760 1212 2821 serentes

461 2842 528 2906 Nou
551 2841 696 2904 modicam
720 2843 862 2923 praedam
884 2845 1037 2923 reperiare
1059 2845 1189 2915 student,

419 2929 589 3011 Hesponem
611 2927 755 2992 Telamon
778 2947 881 2992 secum
905 2929 1036 3001 deduxit,
1061 2939 1091 2992 ct
1114 2947 1218 2992 orrrnes

461 3017 606 3080 Victrices
627 3015 767 3078 relerunt
787 3017 818 3076 in
840 3035 892 3079 sua
916 3023 1012 3079 castra
1036 3034 1148 3079 uranus.

416 3102 475 3166 lies
497 3110 608 3183 raptas,
632 3103 725 3182 patris
747 3102 911 3176 interitum,
935 3108 1112 3180 captamque
1134 3119 1268 3164 sororem

460 3187 498 3248 Ut
518 3188 655 3248 Priamus
678 3186 775 3257 discit,
799 3188 890 3250 corda
913 3187 1016 3249 doloro
1040 3189 1150 3268 qrretit;

414 3271 490 3335 llion
514 3271 692 3351 ingreditur,
716 3281 746 3334 et
768 3269 876 3352 conjux
898 3271 1031 3341 llecuba,
1055 3275 1116 3333 reati

458 3357 495 3419 Et
516 3365 603 3420 natae
626 3363 740 3419 moesto
762 3366 895 3438 pectore,
919 3366 1020 3421 mente
1042 3359 1134 3437 gravi.

414 3444 527 3508 Hector
549 3441 716 3507 Alexander
739 3445 827 3526 primi
851 3453 929 3516 sunt,
954 3443 1196 3526 Deiphobusque,

456 3530 575 3595 Tertius
598 3536 644 3593 est
666 3528 804 3600 llolcnus,
829 3540 951 3611 ‹prrartus
974 3540 1005 3592 et
1028 3530 1075 3592 hic
1098 3529 1218 3593 Troilus
1335 3541 1385 3592 120

415 3616 521 3688 billum
546 3616 762 3689 Andromache,
788 3618 964 3696 Cassandra,
987 3617 1136 3700 Polyxena
1160 3625 1257 3691 natae,

455 3703 517 3765 llas
539 3701 639 3766 laudat
660 3703 752 3766 iacies
774 3707 998 3785 strenuitasque
1020 3723 1128 3766 mares.

481 3918 523 3969 ut.
545 3918 651 3984 Margo.
669 3919 812 3972 Hercules.
882 3923 922 3974 di.
947 3921 1069 3988 [Rumor]
1088 3937 1104 3973 e
1123 3921 1256 3987 margine.
1326 3921 1383 3973 119.

410 3983 576 4051 Deiphobus
595 3991 626 4037 ut
644 3987 798 4053 plurimum.
