3426 4786
370 696 412 762 26
760 691 953 750 rnrererm

372 849 423 915 nx
466 848 560 914 uibus
581 855 631 914 est
652 847 735 913 eirca
758 846 984 932 spumantibus
1006 844 1113 910 insula
1135 847 1251 912 cincta.

372 870 593 1001 Perihcaldae
615 931 749 999 fluvium
772 931 859 998 subit
880 936 1027 1016 optutum
1049 931 1112 996 sibi
1134 935 1278 1016 portum,

261 1075 264 1084 .
322 1038 362 1080 rso
376 1022 507 1086 Ancora
528 1017 567 1085 de
588 1039 682 1104 prore
705 1018 822 1084 iacitur
843 1017 903 1083 sub
926 1017 1028 1082 litoris
1050 1037 1123 1099 ora,

372 1103 521 1170 Exiliunt
542 1103 674 1169 comites
695 1101 817 1168 laetum
838 1103 983 1168 celeuma
1004 1105 1168 1168 canentes.

374 1189 582 1274 Progreditur
603 1188 690 1270 socia
712 1208 746 1252 ss
768 1189 971 1271 constipante
987 1190 1132 1268 caterva,

372 1272 411 1338 In
453 1272 558 1338 editur
578 1292 726 1358 spurcam
749 1271 830 1336 ritus
851 1270 998 1356 squalore
1019 1269 1242 1355 proseucham.

373 1357 401 1426 u
439 1345 508 1445 gies
529 1357 636 1424 varias
658 1356 703 1422 ibi
726 1355 837 1423 divum
860 1356 964 1423 cernit
985 1359 1018 1422 et
1040 1377 1128 1421 oras:

322 1461 361 1505 ur
374 1441 560 1530 Consuluit,
581 1441 699 1524 doluit,
722 1464 778 1509 cor
799 1442 868 1509 eius
891 1441 979 1509 relus
1002 1439 1126 1524 adedit,

265 1557 266 1560 ¹
375 1529 484 1614 Zetus,
506 1552 569 1616 quo
592 1528 748 1614 Phineos,
772 1551 836 1616 quo
858 1551 949 1595 mens
971 1529 1051 1596 ursit
1072 1527 1263 1609 Matetlrioe,

376 1617 483 1684 Diruit
504 1617 635 1684 incusas
657 1617 717 1684 sub
739 1617 918 1703 perditione
939 1615 1077 1702 figuras,

289 1769 292 1776 ,
374 1703 565 1770 Hemitheos
585 1702 727 1789 pepulit,
750 1703 943 1770 Summanus
965 1723 1038 1767 cum
1065 1701 1141 1767 love
1163 1701 1259 1787 fugit,

375 1789 497 1855 Aedem
519 1788 702 1871 mundavit,
726 1810 885 1854 renovans
907 1787 1009 1854 altare
1031 1787 1162 1852 dicerit.

323 1893 361 1934 no
374 1871 451 1941 Non
473 1873 549 1940 tulit
569 1873 718 1940 aedituus
739 1874 857 1939 mentis
878 1872 973 1938 furiis
995 1873 1153 1958 agitatus,

373 1958 525 2038 Accurrit
545 1959 686 2024 validum
708 1958 817 2044 gladio
840 1959 971 2024 conixus
993 1958 1028 2023 in
1051 1958 1161 2041 ictum,

375 2042 471 2111 Vires
493 2044 633 2129 exeruit,
657 2044 778 2110 cerebri
803 2044 942 2110 confinia
963 2043 1061 2129 rupit,

376 2129 453 2197 Vita
473 2131 646 2215 privasset,
669 2130 733 2197 nisi
755 2130 823 2198 vita
844 2151 955 2196 necem
978 2134 1178 2216 superessot;

375 2213 437 2282 Sed
459 2237 526 2283 non
548 2217 699 2301 oppetiit,
722 2237 789 2281 non
811 2216 894 2282 laedi
917 2216 1050 2282 vulnere
1072 2217 1193 2301 quivit,

323 2320 362 2362 sss
377 2301 438 2367 nst
458 2301 493 2366 in
516 2301 696 2367 communis
718 2305 863 2368 servatus
884 2300 969 2367 dona
990 2301 1113 2367 salutis.
1199 2333 1209 2356 ·

376 2384 615 2452 vircomium
638 2388 741 2453 dirum
763 2409 824 2472 pro
844 2409 879 2452 se
902 2387 1099 2472 compescuit
1121 2389 1216 2469 iram;

376 2469 466 2536 Ultio
488 2493 529 2535 ne
552 2472 591 2536 de
614 2493 647 2537 se
669 2473 871 2556 procederet,
895 2472 1048 2556 opposuit
1069 2493 1119 2557 se,

377 2553 511 2618 Hostem
533 2554 678 2620 defendit
717 2577 829 2653 pacem
852 2575 911 2639 pro
934 2556 990 2620 lite
1011 2554 1169 2638 rependit.

376 2637 453 2736 an
475 2640 584 2704 umen
606 2639 655 2703 ira
677 2604 729 2704 der
749 2639 897 2738 permisit
918 2660 998 2738 poce
1019 2640 1126 2722 potiri.

324 2743 362 2782 ero
375 2721 431 2787 er
454 2727 503 2787 est
524 2723 666 2788 lucratus
690 2721 774 2788 Ditrs
796 2744 953 2808 possessio
975 2723 1098 2805 factus,

378 2805 532 2890 Vinctus,
555 2811 689 2874 vexatus
712 2808 797 2874 diros
820 2808 918 2874 solvit
939 2807 1108 2874 cruciatus.

376 2893 474 2972 Genti
497 2897 620 2961 moestu
641 2917 718 2962 susc
740 2894 925 2979 spectacula
946 2895 1096 2980 praebuit
1116 2895 1151 2960 in
1173 2915 1208 2960 se

378 2980 524 3066 Ancipiti
546 2981 644 3066 collo,
667 2983 883 3048 membrorum
905 2982 1041 3049 solvitur
1062 2980 1159 3064 ordo,

357 3064 437 3132 'Flet
458 3067 546 3133 rabie
568 3069 728 3135 tumidum
752 3091 822 3153 cor,
844 3073 955 3156 turget
976 3071 1087 3154 pectus
1109 3067 1280 3152 anhelum,

325 3174 363 3215 su
377 3151 495 3220 'l'error
516 3153 602 3221 inest
624 3155 725 3223 oculis
748 3156 886 3223 distorta
907 3155 1073 3222 tuentibus
1095 3155 1234 3240 hirquis,
1268 3162 1344 3217 tw

376 3236 453 3303 Non
475 3241 596 3305 mansit
617 3242 742 3321 vultus,
764 3263 831 3306 non
854 3245 981 3326 gestus,
1002 3262 1070 3305 non
1092 3240 1182 3305 color
1203 3261 1295 3306 uuus.

379 3320 527 3408 Dumque
549 3324 600 3391 die
623 3331 738 3411 quarto
760 3328 809 3392 sol
831 3329 978 3412 surgeret
999 3347 1057 3391 axe
1081 3325 1195 3404 citato,

345 3449 351 3464 ·
378 3405 440 3473 list
459 3407 635 3477 suffocatus
658 3408 838 3497 Stygioque
860 3413 932 3479 lacu
953 3409 1142 3477 tumulatus.

377 3491 445 3559 Nee
466 3495 555 3561 solus
577 3496 689 3581 periit,
709 3495 838 3563 sceleris
860 3499 1061 3564 monimenta
1083 3496 1227 3581 reliquit,

444 3687 495 3737 219
517 3682 617 3739 Scalde
640 3684 744 3740 flumen
764 3684 790 3739 Τ
856 3683 1135 3739 220Anchcra01'
1167 3683 1269 3738 littoris
1289 3683 1348 3740 GT

375 3757 424 3806 221
443 3750 533 3805 latum
547 3751 605 3806 GT
655 3758 705 3807 222
723 3769 752 3807 se
766 3752 907 3807 circomsti
929 3756 995 3807 ante
1009 3751 1035 3805 Τ
1084 3757 1135 3806 224
1152 3751 1348 3806 ibidiviuasT

375 3823 427 3873 225
444 3817 604 3896 adseditG
673 3825 723 3874 226
741 3818 885 3874 FineesG
935 3819 1012 3874 'neas
1032 3819 1058 3873 Τ
1085 3817 1269 3888 Mathathyae
1290 3819 1348 3899 GT

374 3891 425 4007 le
442 3885 700 4034 ernustes
748 3885 1002 4034 ,ruerus
1020 3886 1348 4024 estesse

377 4025 529 4076 elemento
543 4053 573 4062 -
587 4021 772 4091 preburttll'
821 4021 1075 4092 ttthyrqursGT
1123 4021 1276 4077 esseultus
1291 4021 1348 4077 GT
