3674 4790
761 670 972 725 ruaunmo,
1360 671 1379 735 7

359 819 460 896 parari
479 822 609 896 oportet,
632 838 708 895 quae
732 819 880 880 aliunde
899 818 1090 898 desumpta
1109 823 1188 882 sunt.
1225 821 1283 892 Qui
1301 779 1381 882 enim

358 915 514 978 Christum
532 917 698 995 patientem
716 916 898 994 composuit,
921 919 1034 978 multos
1053 936 1159 978 versus
1176 918 1226 978 vel
1243 918 1378 996 integros
1505 966 1508 972 .

358 1014 408 1074 vel
429 1019 532 1091 partas
556 1033 662 1076 eorum
686 1033 702 1075 e
725 1014 880 1075 vetaribus
903 1016 1027 1093 tragicis
1050 1016 1209 1077 mutuatus
1233 1019 1289 1092 est,
1311 1017 1378 1092 plu-

358 1111 449 1173 rimos
482 1131 519 1173 ex
546 1113 724 1190 Euripide
755 1131 866 1189 eosque
895 1130 912 1172 e
943 1116 1059 1189 septem
1088 1113 1213 1174 fabulis:
1248 1113 1381 1189 Hecuba,

358 1208 473 1289 Oreste,
492 1211 606 1287 Medea,
626 1211 800 1290 Hippolyto,
819 1210 996 1287 Troadibus,
1016 1211 1126 1291 Rheso,
1146 1212 1282 1288 Bacchis,
1304 1210 1381 1272 ahos

358 1328 395 1370 ex
418 1310 593 1389 Aeschyli
616 1311 798 1373 Prometheo
822 1313 854 1372 et
875 1311 1112 1390 Agamemnone,
1136 1330 1247 1389 paucos
1271 1329 1289 1372 e
1310 1310 1336 1370 1.
1343 1331 1381 1389 y·

358 1412 556 1488 sophronia
584 1409 762 1474 Cassandra.
804 1409 892 1473 Unde
920 1411 1058 1491 sequitur
1085 1413 1164 1473 hanc
1192 1410 1381 1491 tragoediam

358 1512 489 1572 multum
521 1511 666 1573 momenti
698 1511 810 1573 habere
843 1511 881 1573 ad
909 1512 1032 1572 illarum
1059 1512 1235 1573 fabularum
1263 1513 1381 1573 testum

359 1611 611 1672 constituendum.
648 1610 812 1687 Postquam
835 1610 1008 1686 Piersonns,
1031 1611 1260 1685 Valckenarius,
1283 1611 1382 1672 Elms-

359 1706 446 1782 leius,
461 1699 602 1783 Vaterus,
620 1706 816 1783 Benedictini,
840 1707 1053 1784 KIrchhofiius,
1077 1709 1276 1787 Hartungius,
1299 1709 1382 1769 Nau·

359 1805 452 1885 citius,
475 1806 676 1885 Hermaunus,
696 1806 887 1882 Klausenius,
904 1805 1085 1868 Ellisscnins
1105 1804 1219 1867 Christi
1237 1806 1381 1882 patientis

358 1921 464 1966 versus
493 1925 562 1966 cum
589 1905 649 1968 illis
677 1905 790 1966 fabulis
818 1905 1025 1982 contulerunt,
1058 1903 1137 1983 Aug.
1160 1903 1321 1984 Dcering
1350 1903 1382 1964 in

359 2003 611 2065 commentatione
635 2004 702 2081 „De
720 2004 879 2081 tragoedia
898 2003 1083 2078 Christiana,
1106 2023 1183 2080 quae
1206 2003 1382 2065 inscribitur

361 2092 486 2178 Χριστὸς
513 2093 657 2180 πάσχων“
686 2094 737 2180 (iu
765 2101 995 2162 Jahresbericht
1021 2102 1098 2162 liber
1126 2101 1175 2161 die
1202 2101 1382 2163 Realschule

359 2194 431 2256 1.0.
456 2197 516 2257 und
541 2199 594 2259 das
617 2199 872 2288 Progymnasium
895 2219 931 2258 au
955 2200 1086 2259 Burman
1105 2192 1207 2281 1864)
1231 2219 1295 2260 rem
1318 2202 1382 2260 tam

360 2297 498 2354 accurate
521 2297 728 2369 perscrutatus
752 2299 808 2368 est,
831 2299 867 2355 ut
889 2296 1040 2373 redigeret
1061 2316 1110 2357 vs.
1129 2296 1335 2372 Lycophronis
1361 2298 1379 2355 9

360 2388 399 2449 ad
419 2389 488 2451 Chr.
507 2411 535 2469 p.
554 2393 604 2467 12,
627 2390 772 2468 Aeschyli
794 2395 833 2452 19
855 2393 893 2452 ad
913 2390 984 2451 Chr.
1002 2412 1032 2468 p.
1048 2395 1099 2468 19,
1122 2391 1278 2468 Euripidis
1295 2393 1380 2452 1125

360 2487 398 2546 ad
423 2487 493 2548 Chr.
516 2509 545 2563 p.
571 2490 668 2549 1273.
704 2488 788 2547 Idem
811 2490 843 2548 in
866 2488 974 2549 Philol.
997 2488 1081 2564 XXI,
1098 2491 1247 2565 639sqq,
1271 2488 1382 2563 XXIII,

360 2587 510 2664 diisqq,
537 2584 630 2664 XXV,
646 2587 786 2665 iileqq.
813 2604 920 2648 versus
943 2586 1124 2663 Euripideos
1152 2606 1220 2647 cum
1243 2585 1382 2656 versibus

360 2685 475 2750 Christi
502 2686 645 2766 patientis
676 2706 852 2766 comparans
876 2686 1009 2749 ostendit
1031 2705 1092 2747 non
1115 2685 1154 2746 ad
1176 2704 1269 2746 unam
1291 2684 1381 2746 libro·

361 2807 428 2848 rum
455 2788 729 2866 manuscriptorum
752 2785 906 2866 Euripidis
934 2786 1064 2848 classem
1090 2786 1180 2848 huius
1204 2785 1380 2864 tragoediae

360 2889 477 2949 textum
500 2885 608 2949 referri
630 2905 728 2965 posse,
751 2906 934 2965 quamquam
957 2885 1110 2965 proximus
1130 2886 1171 2948 sit
1185 2884 1328 2947 Palatino
1342 2884 1381 2945 B.

362 2987 448 3059 Quod
472 2987 551 3048 enim
569 2987 734 3047 maximum
753 2989 809 3063 est,
833 3007 869 3047 ex
888 3006 924 3048 ea
942 3005 1061 3065 quoque
1080 2986 1268 3048 Baccharum
1286 2987 1381 3063 parta,

361 3104 451 3163 quam
476 3087 558 3146 solus
582 3085 631 3144 hic
654 3083 756 3161 habet,
779 3103 886 3145 versus
905 3086 1026 3161 repehti
1049 3089 1128 3145 sunt.
1165 3083 1254 3145 hodo
1277 3082 1382 3143 Kirch-

361 3183 487 3243 hoifium
509 3183 541 3242 in
564 3182 671 3243 Philol.
687 3181 777 3260 VIII,
795 3184 835 3242 78
847 3201 911 3259 sqq.
939 3183 1084 3243 statuisse
1108 3201 1144 3242 ex
1167 3201 1203 3242 ea
1225 3181 1316 3240 huius
1338 3181 1384 3240 fa·

361 3282 451 3342 hulae
473 3283 569 3360 parte,
593 3299 670 3358 quae
693 3279 819 3356 interiit,
843 3279 989 3341 aChristi
1006 3279 1151 3358 patientis
1175 3280 1298 3340 auctore
1317 3296 1383 3339 ver-

360 3399 412 3442 sus
436 3380 554 3458 aliquos
577 3379 752 3456 desumptus
775 3397 850 3440 esse.

430 3481 556 3541 Praeter
584 3496 690 3538 versus
718 3498 737 3538 a
763 3476 926 3555 Doeringio
954 3477 1096 3538 collectos
1124 3496 1180 3554 ego
1208 3474 1323 3553 aliquot
1351 3475 1383 3534 in

362 3577 574 3638 dissertatione
599 3578 831 3636 commemorata
850 3569 934 3659 (pag.
950 3579 990 3636 12
1003 3568 1083 3657 sqq.)
1107 3573 1289 3648 enumeravi,
1312 3592 1383 3634 non·

362 3677 473 3751 nullos,
495 3693 570 3752 quos
594 3675 700 3750 postea
722 3673 873 3750 indagant,
895 3692 975 3734 nunc
993 3673 1124 3751 primum
1142 3672 1244 3732 affero.
1267 3670 1383 3731 Versus

362 3776 465 3834 antem
479 3771 702 3847 Euripideos
720 3772 759 3830 ad
778 3770 940 3832 editionem
954 3769 1179 3831 Kirchhoffii
1202 3787 1280 3829 anno
1296 3770 1382 3828 1855

362 3872 535 3950 vulgatam,
567 3867 792 3945 Aeschyleos
819 3867 857 3926 ad
886 3866 1162 3927 Diadorlianam
1191 3863 1381 3940 enumerabo,

363 3970 396 4030 in
419 3968 500 4030 notis
523 3967 644 4028 fabulas
668 3965 779 4028 omisso
802 3969 910 4044 poetae
933 3963 1053 4026 nomine
1075 3960 1221 4024 indicabo.

432 4069 539 4130 Liceat
561 4065 636 4126 mihi
658 4065 707 4126 hie
730 4083 918 4127 commonere
941 4065 1097 4138 lectorem,
1121 4063 1173 4142 qni
1196 4061 1310 4123 factum
1333 4058 1383 4137 sit,
