3368 4792
416 611 460 678 56
572 657 576 666 .
734 611 796 663 Lib.
814 609 850 666 ΙΙ.
885 623 910 664 ν.
927 611 1072 662 490-621.

464 767 586 832 lniestat
608 767 738 848 liquidas
760 765 856 830 libera
878 764 979 829 classis
1001 784 1103 848 aquas.
1340 775 1391 825 005

420 857 570 939 Spumeus
593 862 624 917 et
646 855 764 917 terreos
787 864 817 915 et
838 851 876 916 ab
899 853 984 915 obice
1006 855 1123 915 saevior
1144 850 1208 916 ibat

463 940 597 1023 Objectis
619 942 720 1024 proris
742 943 873 1020 impetus
895 938 944 1002 ille
967 941 1067 1002 uraris.

421 1030 581 1109 Accipiunt
604 1034 707 1090 uentos
730 1047 746 1088 a
769 1035 855 1106 tergo
878 1026 959 1087 mille
981 1028 1100 1088 carinae

465 1114 532 1174 lam
555 1120 694 1194 poterant
715 1130 832 1192 puppes
854 1129 948 1191 paene
972 1111 1071 1172 ridere
1094 1111 1235 1190 Phryges.

422 1197 459 1258 Et
482 1197 575 1258 Danai
597 1195 729 1275 Troiam,
754 1214 842 1276 quarn
865 1196 944 1256 lama
968 1194 1085 1256 locabat
1107 1197 1137 1254 iu
1161 1197 1258 1264 astris,
1340 1203 1390 1252 500

464 1279 591 1359 lamjarn
614 1281 812 1361 prospiciunt.
835 1279 1048 1359 prospiciendo
1072 1289 1209 1352 canunt„

421 1364 563 1428 Nauticus
585 1366 719 1425 exoritur
740 1364 822 1425 uario
845 1363 1020 1425 discrimine
1043 1362 1165 1432 elamor,

465 1448 564 1519 liidet,
588 1465 677 1528 quem
701 1447 759 1508 iata
783 1450 843 1508 iarn
865 1447 1022 1509 lacrimosa
1046 1457 1176 1510 manent.

423 1531 570 1595 Providus
593 1533 671 1594 aeria
694 1549 823 1594 cernens
846 1531 1013 1612 speculator
1035 1530 1073 1592 ab
1096 1550 1166 1593 aree

468 1616 602 1687 Nuntiat,
626 1615 778 1693 Argolicas
800 1618 995 1759 appropriare
1016 1623 1108 1677 rates.
1339 1625 1390 1673 505

424 1701 574 1762 Aduersus
596 1698 716 1779 Troiam
740 1699 856 1762 diversa
879 1717 973 1762 casse
994 1707 1134 1780 potenter

465 1784 562 1847 Littus
585 1784 622 1845 ad
645 1783 766 1847 iliacum
790 1793 878 1847 nauta
900 1783 1051 1864 gubernat
1071 1787 1138 1846 iter.
1259 1823 1268 1844 e

422 1869 484 1932 Nee
507 1888 605 1941 mora;
631 1868 810 1932 Dardaniam
832 1871 940 1942 tacturi
963 1872 1022 1933 iarn
1044 1888 1140 1952 prope
1163 1877 1284 1943 terram,

464 1955 616 2019 Clamores
637 1959 798 2035 geminant,
822 1954 926 2022 bellios
949 1957 1036 2035 signu
1058 1954 1166 2019 lerant.

425 2046 540 2105 Ancora
565 2042 602 2102 de
625 2060 714 2122 prora
735 2041 852 2123 jacitur,
876 2051 935 2105 siat
956 2040 1056 2104 littore
1079 2044 1188 2126 puppis
1342 2053 1394 2102 000

467 2129 561 2191 Vertit
583 2145 742 2190 arenosum
766 2128 877 2192 lamina
900 2130 996 2211 000(Ιο
1019 2128 1124 2192 luturn.

465 2362 621 2420 ‘titolum
639 2363 1015 2488 DEPENDUNgffl'IlqlPUS
1033 2365 1080 2420 ΕΤ
1097 2364 1348 2422 Puo‘ruslunus

426 2559 479 2617 Vix
504 2553 581 2614 beno
603 2555 736 2616 desierat
757 2554 936 2633 speculatur.
958 2554 1085 2617 buccina
1107 2555 1227 2632 clangit,

467 2639 498 2698 ln
522 2637 673 2698 cumulum
695 2637 825 2716 populus
847 2639 944 2698 omnis
966 2635 997 2698 in
1019 2638 1096 2701 urbe
1119 2641 1188 2708 rult,

426 2722 531 2785 Evolat
552 2740 568 2781 e
591 2723 684 2801 portis
707 2721 909 2802 bipatentibus
931 2724 993 2803 ipsa
1014 2721 1155 2801 juventus

468 2806 623 2883 Argolicos
644 2805 731 2867 stadii
756 2806 869 2884 pellere
891 2809 949 2868 lino
972 2809 1030 2870 sui.
1344 2817 1395 2865 505

422 2892 488 2952 larn
512 2897 614 2952 rector
636 2890 724 2953 datur
747 2891 858 2953 lieotor
880 2893 933 2960 eis,
959 2894 994 2953 ad
1019 2893 1117 2954 littora
1141 2900 1276 2965 currunt,

466 2976 574 3056 liipam
598 2974 770 3046 delendum,
794 2976 927 3057 undique
951 2976 1009 3038 tola
1032 2985 1132 3038 ruunt.

425 3060 513 3143 lljloit
534 3062 566 3122 ln
588 3060 672 3124 littus
694 3080 728 3123 00
751 3061 933 3125 Protesilaus
955 3070 985 3124 et
1006 3063 1079 3143 ipsis

467 3147 612 3223 lnrnergit
634 3147 814 3228 Phrygibus,
837 3166 893 3209 neo
914 3156 999 3209 vacat
1019 3157 1083 3210 atra
1105 3165 1222 3210 manus.

427 3233 493 3293 Non
517 3232 566 3292 bie
589 3234 691 3292 uxoris
712 3235 841 3293 serravit
862 3231 951 3292 verba
974 3233 1142 3304 monentls;
1344 3243 1396 3290 500

470 3315 552 3377 bellu
575 3323 681 3394 gerant
703 3314 760 3386 alli.
785 3315 967 3378 Protesilaus
989 3325 1077 3378 amet.

429 3485 625 3496 --.--........

490 3588 549 3642 tuti.
568 3587 648 3643 Ouitb
667 3589 757 3642 Amor.
777 3589 816 3654 ll,
836 3591 875 3654 ii,
896 3590 939 3643 ilia

526 3659 602 3723 Quos
621 3657 715 3725 Scylla
733 3659 860 3714 infestet.
878 3673 1000 3726 quasque
1019 3657 1175 3724 Charybdis
1194 3675 1290 3726 aquas.

421 3728 483 3786 litt.
508 3725 602 3781 Ovidii
626 3735 670 3780 est
691 3727 802 3778 Motum.
823 3728 876 3791 ΙΙΙ,
894 3731 953 3780 bit.
1022 3731 1081 3784 out.
1109 3739 1219 3782 ranunt.
1238 3737 1343 3782 canunt
1361 3746 1395 3782 ex

422 3796 554 3862 margine.
625 3799 683 3849 602.
714 3795 825 3862 Virgilii
851 3805 893 3847 est
909 3799 976 3847 Aen.
995 3797 1045 3862 ΙΙΙ,
1066 3799 1122 3850 128.
1193 3801 1250 3851 004.
1268 3797 1395 3850 Gualteri

422 3871 467 3915 est
492 3863 641 3918 Alexandr.
667 3864 705 3926 11,
724 3866 784 3916 aas.
852 3867 912 3918 ⁶10.
939 3865 1034 3916 littore
1057 3882 1091 3917 ex
1115 3882 1201 3934 marg.
1225 3883 1273 3932 pro
1291 3867 1395 3919 littore.

422 3931 535 4000 virgilii
553 3936 597 3985 est
614 3934 685 3984 Aen.
702 3933 752 3994 ΙΙΙ,
771 3934 830 3984 etr.
901 3935 960 3985 nti.
979 3933 1061 3986 ovid.
1081 3935 1148 3986 Her.
1168 3934 1246 4000 xiii,
1264 3936 1306 3985 84.
