3340 4788
419 631 462 697 ‘14
721 632 784 684 Ltb.
802 632 854 688 111.
889 647 916 684 v.
935 633 1080 688 ton-titt.
1096 633 1100 648 '

462 785 552 848 llulta
575 785 669 847 ierstn
692 783 745 846 diu
767 801 859 847 cerno
880 786 979 846 ruisse
1000 788 1072 847 etto.

419 872 477 942 Tu.
500 889 619 953 quoque
642 872 687 931 isc
710 871 829 948 timens3
853 877 882 930 et
903 889 980 951 qnae
1002 871 1092 932 modo
1114 879 1177 932 tuta
1202 871 1348 942 videntur,

463 956 539 1019 lium
562 955 706 1038 loqueris,
729 957 795 1018 lteri
818 957 914 1018 tristis
936 973 1024 1036 posse
1047 965 1129 1038 puts
1343 966 1393 1015 tto

420 1043 572 1105 victorem
594 1044 672 1104 victo
694 1042 891 1104 succumbere
913 1059 1005 1122 snepe
1027 1042 1171 1113 ridemus,

464 1131 560 1208 Saepe
581 1137 664 1189 creat
685 1127 791 1189 molles
812 1145 919 1208 aspere
942 1128 1028 1207 spina
1050 1145 1142 1188 rosas.

421 1215 502 1292 Ergo
523 1213 580 1274 viri
603 1213 695 1274 [ortes
717 1213 848 1273 animum
873 1213 1025 1282 resumite.
1049 1212 1174 1292 pulclrro

464 1299 617 1362 Pessimus
638 1297 755 1360 initium
777 1298 896 1358 sineere
918 1297 977 1358 line
1000 1294 1121 1359 malum.

421 1385 591 1449 Strenuitas
613 1382 707 1445 hostis
728 1381 803 1444 lisee
825 1380 931 1461 gaudio
955 1381 1081 1444 eontulit
1103 1383 1190 1454 hosti,
1343 1392 1392 1442 115

464 1468 516 1534 lile
539 1468 666 1532 furendo
689 1470 760 1531 ierit
781 1477 812 1530 nt
832 1467 968 1530 leriendo
992 1469 1073 1530 lurit.

421 1557 561 1622 Cernitur
583 1557 614 1618 in
635 1554 771 1618 manilius
793 1553 944 1617 imsniirus
966 1573 1048 1616 srmn
1071 1562 1174 1617 tenere

465 1644 502 1706 Et
523 1640 611 1705 nobis
633 1643 727 1705 instet
747 1640 804 1703 lise
827 1642 941 1702 rsuone
964 1639 1046 1704 dare.

423 1730 542 1794 Leetius
564 1736 619 1798 est,
643 1745 751 1808 magno
773 1728 913 1808 quotiens
933 1726 991 1789 sibi
1014 1735 1137 1799 constet.
1162 1725 1337 1798 honestum:

465 1817 566 1877 illrtus
588 1815 613 1875 si
637 1830 696 1875 non
720 1823 765 1876 ost
786 1814 888 1884 ardus,
912 1812 999 1875 leude
1022 1824 1105 1876 caret
1343 1824 1393 1873 120

421 1900 481 1963 Per
503 1897 589 1960 labor
610 1905 701 1978 etque
722 1905 818 1959 metus
840 1901 938 1976 pretio
961 1898 1075 1978 majore
1098 1905 1250 1978 petuntur.

464 1982 562 2045 trdus
585 2000 640 2062 per
663 1999 807 2063 praeceps
828 1981 922 2061 glorie
946 1980 1026 2044 radit
1047 1984 1114 2047 iter.

423 2066 583 2131 Blanditiis
606 2065 744 2146 indignus
767 2069 826 2128 erit
847 2067 989 2145 mollique
1012 2068 1103 2146 potiri
1207 2075 1210 2082 “

466 2153 609 2218 Fortuna.
633 2152 747 2233 siquis
769 2152 866 2213 nescit
887 2169 988 2213 smera
1010 2152 1081 2233 peti.

423 2237 521 2301 Cordo
544 2235 663 2299 leonino
685 2237 792 2298 lortem
815 2254 971 2298 sitiremus
992 2239 1024 2300 in
1047 2236 1178 2308 hostem
1345 2247 1393 2295 125

466 2323 498 2386 Si
521 2322 567 2385 leo
591 2332 621 2385 tu
644 2322 748 2394 luetis,
772 2341 839 2384 trior
862 2323 920 2384 erit
941 2321 991 2384 ille
1013 2321 1107 2403 lepus.

424 2408 486 2471 llee
508 2411 593 2490 prius
615 2418 734 2470 exiente
758 2407 945 2470 retrahemus
969 2408 1099 2481 inruetis.
1122 2410 1218 2477 donee

469 2495 584 2557 Semini
606 2502 738 2574 optutum
763 2501 861 2555 nostru
884 2494 1006 2573 querele
1030 2493 1120 2556 dieru.
1153 2493 1155 2498 ’

425 2579 603 2642 Constantes
624 2580 717 2640 enimi
738 2586 883 2656 superant
903 2579 1093 2641 incommoda
1117 2579 1196 2651 belli,

466 2663 610 2726 Eventurn
633 2661 728 2733 velidi,
754 2682 813 2726 non
837 2661 931 2742 proba
955 2663 1031 2726 tauta
1054 2662 1151 2744 proli.
1346 2673 1394 2723 tuo

425 2747 477 2811 list
499 2757 609 2818 unies,
633 2759 666 2810 ut
687 2749 822 2819 recitem,
845 2748 996 2811 exereitus
1018 2759 1048 2810 et
1070 2766 1256 2819 numerosus,

467 2833 563 2907 Quem
587 2833 685 2896 mittet
705 2831 856 2915 Telephus
879 2832 1060 2896 inveniendo
1082 2851 1186 2897 novus.

497 3005 553 3058 100.
564 3003 675 3070 Margo:
689 3003 750 3054 ideo
763 3017 907 3068 apetamus
919 3002 985 3054 deos
998 3003 1078 3055 nobis
1088 3005 1223 3072 propitios
1231 3004 1299 3123 speia
1308 3019 1395 3056 eausa

428 3075 524 3124 noatra
542 3071 649 3138 iustior,
670 3072 734 3138 qnia
752 3087 807 3123 non
822 3070 899 3135 juste
917 3071 1078 3138 deportavit
1095 3072 1177 3124 Paris
1199 3073 1242 3124 lle
1256 3089 1346 3136 enam,
1366 3078 1395 3124 et

425 3141 485 3192 aeio
508 3140 581 3206 qnod
601 3139 716 3191 sordide
734 3139 839 3206 praeda
857 3154 912 3192 non
930 3139 1016 3192 habet
1033 3141 1120 3192 bonos
1140 3145 1263 3196 eventus.
1334 3143 1393 3198 tos.

427 3211 468 3259 ¹⁰⁸
488 3209 537 3327 (ἐξ
554 3207 914 3342 ssssnelldos’tii‘nleaffet,
931 3291 1005 3340 quse
1023 3276 1076 3327 tibi
1092 3274 1171 3328 laeta
1188 3276 1325 3341 videntur,

526 3344 598 3394 Dnnr
617 3342 749 3409 loqueris,
768 3342 827 3394 lieri
846 3344 936 3394 tristis
954 3359 1035 3410 posse
1054 3351 1131 3413 puts.

327 3411 329 3418 ’
426 3414 483 3465 109.
501 3412 555 3466 Tu.
572 3412 790 3478 superscriptum
803 3409 936 3477 „Trojut
989 3415 1047 3464 112.
1066 3413 1118 3465 Or.
1131 3429 1156 3464 e.
1169 3413 1251 3465 Pont.
1262 3413 1301 3474 Il,
1312 3416 1338 3476 2,
1352 3415 1395 3469 dl.

424 3483 484 3534 114.
502 3497 518 3534 e
542 3481 667 3548 margine
690 3496 753 3548 pros
781 3480 862 3532 malo.
881 3507 913 3519 -
931 3481 1030 3549 Margo
1053 3496 1103 3550 pro
1122 3483 1265 3532 interitum
1283 3482 1396 3550 praebet

422 3550 532 3603 initium
549 3549 621 3616 qnod
640 3565 794 3617 quanquam
808 3555 895 3603 metro
908 3567 963 3602 non
974 3556 1042 3617 epte
1053 3551 1204 3604 conveniet
1214 3555 1307 3603 tamen
1320 3567 1396 3603 reee-

444 3621 514 3672 lrnna
532 3620 598 3686 quia
615 3623 715 3686 poetae
735 3618 842 3670 mediae
859 3618 1014 3672 latinitatis
1026 3621 1140 3688 primam
1153 3616 1235 3685 hujus
1247 3621 1326 3672 verbi
1338 3620 1395 3686 syl·

422 3635 517 3740 sabana
535 3687 670 3754 imprimis
688 3689 716 3738 in
736 3687 793 3739 arsi
811 3687 1010 3752 producebant.
1065 3691 1122 3741 111.
1142 3690 1211 3740 hue.
1229 3688 1327 3745 Phari.
1345 3689 1394 3753 tit,

421 3758 483 3810 aot.
497 3758 554 3808 120.
585 3756 690 3808 Luran.
708 3754 806 3806 Phora.
819 3756 867 3818 Ill,
881 3758 945 3806 tte:
964 3771 1047 3821 quarn
1065 3758 1174 3808 sitnon
1193 3756 1280 3807 ardua
1297 3759 1394 3809 virtus.

424 3825 482 3873 ¹21.
500 3823 605 3872 Lnean.
629 3821 727 3872 Phara.
750 3823 779 3884 1,
801 3822 861 3872 282.
949 3824 1007 3876 tes.
1026 3823 1108 3873 Ouid.
1132 3823 1217 3874 Triat.
1235 3823 1283 3886 IV,
1301 3826 1332 3887 8,
1351 3825 1394 3875 tt.

424 3891 482 3940 its.
501 3887 596 3941 (lusit.
614 3887 692 3939 Alex.
710 3889 733 3950 1,
751 3889 810 3939 ten.
829 3891 872 3938 911.
892 3889 1042 3940 Blanditiis
1060 3925 1067 3940 .
1086 3925 1092 3938 .
1112 3925 1118 3938 .
1139 3927 1147 3941 .
1165 3891 1250 3954 potiri

561 3956 695 4017 Fortuna,
714 3956 760 4020 qui
779 3955 848 4005 durs
866 3957 927 4021 pati
944 3956 991 4008 vol
1009 3972 1105 4007 amere
1123 3963 1242 4008 reeuaat.
