3426 4786
430 743 520 800 vlrl
537 743 787 802 wmuffluoam
805 745 980 806 Marmor.
1015 746 1082 804 LIB.
1101 748 1148 805 111.
1240 748 1284 816 45

272 919 299 960 ω
312 901 387 967 Non
409 899 578 1000 Sarepteni
600 901 647 967 sic
668 901 752 967 iuvit
773 902 862 967 stilla
884 901 1019 987 lecythi:
1043 940 1085 950 —

316 985 401 1051 Haec
423 989 566 1071 typicam
589 984 720 1051 viduam
742 987 950 1135 tppicumque
972 987 1092 1052 refovit
1113 985 1256 1069 Heliam,

312 1069 479 1134 Summum
501 1070 704 1153 mysterium,
727 1072 756 1135 ci
781 1092 834 1154 us,
858 1071 986 1153 unctio,
1010 1071 1078 1136 vita
1100 1070 1251 1153 duorum,

312 1153 375 1218 Sed
396 1153 443 1218 nil
465 1152 636 1238 praesidii,
659 1153 707 1218 nil
728 1155 853 1220 roboris
875 1155 987 1220 attulit
1008 1154 1082 1238 ulli,
1105 1192 1147 1204 —

314 1237 382 1302 Hoc
403 1241 552 1338 reparata
573 1239 660 1303 salus
683 1241 733 1304 est
753 1238 915 1325 unguine,
938 1238 1069 1304 morbus
1091 1237 1233 1304 abactus.

271 1343 299 1384 ro
313 1321 424 1388 Manat
445 1322 491 1388 rbi
514 1321 599 1408 iugis
621 1323 710 1408 fons,
734 1322 822 1390 dives
845 1324 1081 1407 venustatis,

314 1408 413 1492 sons,
437 1410 587 1495 inquam,
611 1408 703 1477 vivus
727 1407 905 1476 Wilbrordi
927 1409 1036 1476 vivida
1058 1409 1171 1475 virtus.

354 1493 475 1565 XXVI.
509 1493 571 1560 Est
590 1495 749 1581 quaedam
777 1495 929 1562 membris
950 1495 1031 1647 hlucti
1041 1494 1163 1562 femina
1192 1497 1283 1561 recta

931 1602 968 1647 so
982 1604 1003 1646 u
1032 1603 1063 1646 s:

315 1666 418 1730 Annis
440 1665 582 1750 septenis
604 1667 639 1731 in
661 1688 700 1730 ea
721 1666 810 1730 viror
832 1666 918 1731 aruit
939 1667 1060 1749 omnis,

316 1749 374 1814 nu
396 1749 426 1814 vi
452 1770 490 1815 or
511 1751 716 1834 absumptus,
741 1771 857 1849 corpus
879 1750 981 1816 iacuit
1001 1751 1094 1836 quasi
1117 1749 1232 1833 funus,

273 1854 300 1894 aa
315 1833 389 1900 Non
412 1771 514 1900 ullum
537 1837 716 1901 membrum
740 1835 821 1901 vixit
842 1835 906 1901 nisi
930 1840 1042 1922 pectus
1065 1834 1232 1913 anhelum,

313 1920 453 2008 Spiritus
477 1921 531 1988 hic
552 1921 659 1990 tenuis
682 1922 783 1990 movit
804 1921 875 1989 loca
897 1922 1007 1989 diruta
1028 1921 1142 1988 cordis.

314 2007 374 2075 Elst
394 2012 559 2095 prostratu
582 2010 650 2077 solo
673 2031 745 2076 cunr
768 2009 913 2097 singultu
937 2011 1124 2095 lacrimoso,

315 2097 433 2180 Sensu,
456 2119 520 2183 quo
543 2097 655 2185 valuit,
678 2098 794 2165 devoto
817 2098 1003 2183 precamina
1023 2096 1126 2178 fudit,
1197 2103 1216 2160 l.
1237 2107 1287 2160 or*

316 2183 420 2250 Corde
443 2183 547 2270 magis
569 2185 682 2268 tacito,
705 2207 802 2271 quam
824 2185 957 2270 linguae
979 2183 1087 2251 doside
1108 2183 1242 2269 plectro.

276 2287 303 2327 ιο
318 2268 509 2333 Exauditam
532 2290 567 2333 sa
589 2271 692 2334 sensit
713 2270 868 2335 redeunte
891 2270 922 2335 vi
948 2290 1019 2334 ore:

316 2351 400 2418 Sunt
421 2353 490 2418 eius
512 2354 645 2452 plantae
668 2354 754 2420 dicto
778 2354 874 2419 citius
897 2289 1072 2432 solidatae,

316 2435 434 2501 Vitalis
456 2437 552 2502 redrit
575 2437 663 2502 calor
685 2443 718 2502 et
739 2439 850 2503 vitalia
871 2436 970 2520 fovit,

318 2519 423 2585 l'irma
445 2521 596 2586 iunctura
618 2525 695 2587 sunt
716 2522 864 2607 praedita
887 2521 1031 2586 membra
1053 2520 1179 2600 soluta,

315 2605 491 2671 Incolumis
513 2605 618 2691 surgit
639 2627 700 2672 nec
722 2606 945 2673 sustentacula
967 2607 1103 2692 quaerit.

275 2709 301 2753 rc
316 2689 404 2768 Quae
426 2691 539 2774 fuerit,
562 2715 644 2778 quae
666 2693 726 2779 sit,
748 2694 901 2778 miratur,
926 2692 1012 2758 laeta
1033 2689 1170 2775 recedit,

315 2776 401 2844 Sana
423 2779 500 2844 terit
520 2784 639 2844 terram
662 2801 728 2845 uon
751 2783 844 2846 tanto
867 2781 1173 2864 temporaneum,

322 2862 491 2929 milichie
514 2863 650 2952 gerulis,
674 2865 791 2951 quibus
814 2867 864 2931 est
884 2865 1035 2942 advecta,
1059 2862 1189 2929 relictis.

317 2949 509 3017 ussitidem
533 2949 656 3017 clarum
677 2953 806 3039 siguum
829 2953 915 3018 clare
939 2950 1135 3018 celebratum

318 3035 382 3102 Par
403 3038 489 3122 ap'ud
511 3037 700 3123 Hipponem
723 3039 819 3126 signo
842 3038 929 3124 quod
952 3036 1069 3104 claruit
1090 3036 1220 3120 urbem,

277 3141 305 3184 ao
319 3119 420 3199 Quale
441 3122 542 3188 refert
563 3124 782 3210 Augustinus,
846 3127 985 3209 mmysta
1006 3122 1141 3209 peritus.

319 3207 406 3274 Giris
429 3208 605 3276 Caesareas
628 3213 731 3275 mater
753 3145 962 3275 oelilrmima
983 3207 1074 3294 prole

317 3291 496 3380 Progenuit
517 3293 618 3362 denos
640 3294 784 3380 aluitque
806 3295 866 3360 sub
888 3295 986 3360 ubere
1008 3295 1119 3377 natos,

318 3377 476 3464 Septenos
498 3380 591 3448 flores
615 3382 764 3446 iuvenum
789 3388 961 3466 ternasque
983 3400 1119 3446 sorores.

319 3464 381 3533 Sed
403 3467 466 3533 sibi
489 3467 565 3534 dum
588 3468 686 3534 fidum
709 3466 878 3552 sepelisset
898 3469 1024 3532 maesta
1045 3465 1215 3548 maritum,

278 3573 305 3615 aa
319 3552 380 3619 nst
401 3553 442 3619 ab
464 3555 510 3620 air
534 3555 673 3640 offensa3
696 3553 816 3620 furoris
838 3553 869 3620 vi
892 3553 1060 3619 stimulata

319 3637 461 3704 Mentem
484 3643 663 3706 maternam
687 3643 833 3719 mutans,
856 3639 984 3704 imitata
1006 3657 1178 3704 novercam

385 3813 418 3863 55
436 3808 608 3880 Sareptheni
622 3810 681 3865 GT
713 3809 794 3864 iuvat
818 3808 843 3862 Τ
876 3806 982 3876 lechyti
996 3805 1055 3862 GT
1120 3810 1154 3859 56
1172 3803 1291 3875 llalyam

319 3873 376 3930 GT
466 3882 498 3930 tt
517 3877 607 3947 cybus
627 3877 687 3931 GT
769 3879 802 3932 58
820 3874 936 3946 presidii
956 3875 983 3930 G
1074 3877 1108 3926 62
1126 3872 1249 3942 quodam
1269 3873 1296 3926 Τ

318 3941 442 3998 faemina
460 3943 487 3998 θ
555 3949 588 4000 68
608 3943 736 3999 voluitl'
802 3949 835 3999 ‘1³
853 3941 968 4024 predita
981 3940 1039 3997 GT
1106 3945 1139 3995 'll
1155 3939 1252 4008 querit
1269 3940 1296 3995 Τ

318 4015 351 4066 tt
374 4011 434 4066 leta
451 4012 511 4068 GT
561 4011 733 4070 recreditG
774 4011 926 4068 seccdrtT
1011 4015 1043 4065 'lt
1067 4007 1218 4081 Ypponom
1237 4008 1296 4066 GT

318 4084 352 4135 80
369 4083 518 4148 ymmistn
538 4083 562 4136 T
635 4088 666 4140 81
687 4081 824 4138 cesareae
844 4079 902 4136 GT
974 4084 1007 4136 84
1025 4080 1117 4134 msstu
1136 4079 1193 4135 GT
