3674 4790
672 731 884 790 rnnnrnrro
1243 735 1286 800 21

266 879 318 940 ille
342 897 461 956 semper
488 881 524 939 ut
550 879 745 958 illegitimum
767 881 799 942 in
822 903 842 962 p
866 883 1009 957 mutavit,
1043 903 1135 961 quare
1158 906 1219 948 non
1242 907 1290 948 ss·

267 978 380 1039 sentior
402 977 566 1055 Doeringio
590 997 605 1038 e
630 979 758 1040 lectione
782 979 852 1040 Chr.
871 1000 899 1058 p.
923 1002 951 1043 v.
973 984 1059 1043 2324
1083 977 1200 1067 ἀφαιρῇ
1223 1003 1290 1045 con-

266 1076 399 1138 cludenti
429 1070 558 1158 (Philol.
583 1079 639 1154 23,
661 1070 746 1158 590)
776 1076 862 1136 illum
892 1078 925 1138 in
954 1077 1047 1139 Rhesi
1077 1100 1105 1140 v.
1133 1082 1197 1141 827
1229 1102 1290 1143 non

265 1169 392 1255 ὑφαιρεῖ
410 1174 464 1234 sed
487 1166 602 1259 ὑφαιρῇ
626 1174 746 1254 legisse.
784 1175 861 1235 Tum
886 1176 974 1237 verbi
996 1169 1055 1258 εἶμι
1078 1178 1288 1256 imperfectum

266 1275 358 1335 etium
381 1271 438 1335 t'stv
461 1273 606 1336 scribitur
629 1273 699 1336 (thr.
718 1296 746 1354 p.
770 1297 798 1338 v.
820 1277 905 1337 2305
929 1273 1067 1354 εἰσίεσαν,
1091 1281 1126 1338 ut
1148 1277 1181 1338 in
1203 1278 1289 1340 Actis

266 1375 400 1438 Thomas
415 1376 445 1454 4,
469 1378 500 1436 et
523 1367 604 1437 ἀπίει
626 1375 658 1436 in
681 1376 862 1457 Protevung.
886 1375 987 1439 lecobi
1009 1380 1036 1456 1,
1051 1379 1087 1457 33
1113 1380 1213 1459 10,1;
1240 1383 1290 1459 11,

268 1480 284 1537 1
315 1481 347 1538 et
373 1495 518 1555 persaepe
546 1479 579 1537 in
605 1476 692 1537 libris
716 1477 908 1558 apocryphis,
954 1478 1066 1540 Poeten
1088 1482 1188 1542 λαλεῖν
1210 1480 1290 1542 idem

267 1577 418 1654 estquod
441 1573 543 1658 λέγειν.
580 1576 726 1639 Rellexivi
750 1577 878 1656 denique
901 1577 1087 1657 pronominis
1110 1579 1176 1642 vice
1199 1598 1291 1658 saepe

265 1676 298 1735 in
320 1695 378 1736 usu
401 1679 449 1736 est
473 1677 630 1754 personale
653 1680 685 1738 et
707 1670 811 1755 αὐτοῦ,
826 1669 916 1760 αὐτῷ,
931 1669 1035 1754 αὐτόν,
1059 1677 1289 1756 Maternum.

268 1776 319 1833 30.
341 1776 392 1834 αι.
412 1776 469 1851 413
494 1777 524 1852 3,
542 1778 592 1848 12,
623 1775 715 1834 nare.
732 1777 759 1848 1,
776 1776 805 1849 α,
836 1774 1002 1834 Melaenae
1020 1778 1092 1851 1,1;
1114 1765 1210 1852 s,'1c;
1230 1777 1288 1851 3‚1

266 1861 318 1950 (ol.
337 1869 361 1928 I.
376 1870 529 1946 Rappold:
549 1871 611 1930 Das
626 1870 925 1946 ltellerivpronomen
945 1870 995 1930 bei
1013 1871 1185 1949 dischyloe,
1199 1871 1290 1949 Soph.

267 1969 322 2028 eto.
342 1989 371 2044 p.
388 1969 428 2027 18
439 1987 514 2047 sqq,
532 1970 574 2029 45
586 1961 679 2050 sqq.);
702 1987 796 2046 quare
814 1968 946 2048 restitui,
969 1968 1023 2029 ubi
1041 1969 1173 2031 editores
1191 1974 1290 2030 mutn-

267 2069 389 2144 veruut,
408 2068 492 2128 velut
510 2089 539 2129 v.
554 2068 628 2129 547.
675 2069 738 2128 Nec
761 2067 860 2128 minus
884 2088 990 2131 vocum
1014 2068 1220 2130 encliticurunr
1244 2087 1291 2130 ac·

269 2170 374 2227 centus
397 2166 436 2227 ad
455 2167 590 2228 codicum
608 2167 699 2227 fidem
718 2167 882 2228 secundum
902 2168 1149 2230 consuetudinem
1169 2168 1292 2246 linguae

268 2265 405 2342 vulgaris
420 2264 528 2342 scribo,
552 2267 852 2341 urvv.559,1551.
880 2265 1037 2326 Postremo
1061 2263 1088 2324 εἰ
1110 2265 1293 2325 etiamnum

270 2363 468 2441 coniunctivo,
487 2355 551 2440 triv,
571 2357 644 2424 ὅταν
663 2363 838 2441 similesque
855 2364 1023 2440 particulae
1043 2381 1111 2423 cum
1129 2363 1293 2424 indicativo

269 2461 319 2521 vel
343 2461 479 2538 optativo
504 2462 737 2538 coniunguntur.

336 2559 402 2619 lam
425 2578 540 2634 moneo,
565 2560 673 2637 quibus
697 2559 729 2619 in
750 2559 842 2619 rebus
867 2556 1084 2636 tragoediae
1108 2578 1184 2619 eum
1209 2557 1293 2619 Gre-

270 2656 376 2735 gorio
409 2655 677 2717 dissimilitudo
709 2656 885 2722 intercednt.
938 2657 1074 2718 Primum
1107 2657 1230 2736 quidem
1263 2657 1294 2718 in

271 2757 391 2818 Christo
414 2757 543 2836 patienti
561 2758 658 2820 multo
678 2758 865 2836 frequentior
885 2763 932 2821 est
951 2778 1023 2820 usus
1043 2757 1227 2821 coniunctivi
1244 2757 1294 2819 vel

270 2856 399 2935 optativi
426 2858 532 2919 coristi
562 2858 626 2920 loco
650 2858 746 2920 futuri
768 2858 925 2922 indicativi
948 2861 979 2921 et
1000 2858 1089 2920 dexio
1111 2859 1193 2922 vocis
1216 2851 1295 2938 stipo

270 2960 368 3022 instar
390 2959 546 3022 nominum
568 2958 684 3037 primes
707 2959 926 3023 declinationis.
973 2957 1088 3020 Deinde
1113 2978 1131 3019 a
1155 2957 1295 3039 Gregorii

271 3058 401 3121 dictione
424 3057 523 3118 aliens
547 3060 626 3134 sunt,
648 3057 711 3118 illic
735 3062 837 3120 autern
856 3059 1123 3136 deprehenduntur
1141 3060 1295 3136 optativus

270 3157 367 3217 futuri
395 3176 450 3234 pro
480 3155 615 3233 optativo
645 3158 764 3235 aoristi,
793 3157 961 3218 infinitivus
984 3155 1090 3217 coristi
1112 3176 1167 3232 pro
1191 3157 1295 3217 futuro

272 3248 322 3336 (ut
346 3259 379 3330 7,
405 3257 461 3330 77,
485 3255 565 3331 452,
591 3254 724 3332 etseq,
751 3258 852 3332 1192;
885 3255 922 3316 cf.
946 3254 1160 3314 Deuteronom.
1184 3257 1214 3329 9,
1230 3247 1296 3333 25),

271 3353 440 3430 perfectum
462 3353 494 3412 in
518 3353 717 3428 enarratione,
740 3349 869 3434 κέκραγα
891 3353 1091 3430 praeteritum
1115 3353 1234 3427 ternpus
1258 3351 1296 3410 si-

272 3450 429 3529 gnificans,
441 3451 536 3512 verba
549 3453 629 3529 potui
644 3445 734 3530 (215,
752 3454 848 3527 1872,
865 3452 960 3526 1877,
970 3441 1089 3530 2202),
1113 3445 1170 3526 ἐρῶ
1184 3440 1297 3528 (2232,

275 3552 372 3629 2234,
396 3550 432 3611 ol.
457 3549 566 3611 Genes.
588 3553 639 3625 10,
654 3542 699 3631 9),
721 3549 799 3631 θίγω
824 3542 915 3633 (871,
941 3541 1042 3627 1109)
1066 3551 1102 3607 ut
1124 3545 1298 3622 praesentia

273 3645 357 3721 flere,
382 3647 606 3723 comparativus
628 3647 659 3705 in
682 3647 779 3707 vicem
799 3644 976 3723 superlativi
994 3642 1117 3702 relativi
1136 3640 1298 3703 succedens

274 3735 326 3826 (cf.
354 3744 444 3804 Pauli
472 3744 488 3803 Ι
516 3744 554 3804 ud
583 3743 718 3806 Corinth.
740 3747 779 3806 13
786 3791 794 3824 ‚
812 3735 877 3826 13).
925 3741 1008 3802 Haec
1039 3740 1140 3802 omnic
1169 3740 1298 3800 maxime

273 3845 359 3920 post
382 3841 560 3902 decimum
584 3843 768 3903 saeculum
792 3843 823 3901 in
846 3861 903 3902 usu
928 3842 1023 3900 erant.

343 3940 445 4019 Atque
474 3939 551 4002 adso
586 3942 731 4003 nonnulla
758 3942 789 4001 in
822 3941 879 4002 hac
905 3938 1065 4017 tragoedia
1097 3936 1299 4015 reperiuntur,

275 4059 353 4119 quae
373 4043 532 4102 suetorum
557 4042 671 4103 multo
695 4040 793 4102 inira
815 4039 1036 4121 Gregorium
1058 4035 1235 4112 viventium,
1254 4035 1298 4095 in·

275 4141 382 4219 primis
407 4140 557 4204 Theodori
576 4141 733 4204 Prodromi
753 4144 784 4204 et
802 4140 975 4220 aequalium
994 4139 1058 4200 eins
1077 4135 1200 4216 propris
1219 4139 1299 4198 sunt.
