3372 4788
636 727 922 786 enonaoonam.
1212 752 1265 800 xv

374 887 460 968 lam,
483 888 637 974 quoniam
661 887 699 952 de
716 885 811 952 Vitae
830 885 983 952 metricae
1005 886 1168 956 codicibus
1183 889 1267 955 aius-

289 995 352 1058 que
379 975 521 1039 editione
550 973 753 1038 Dechsriana
778 975 829 1038 sat
862 970 965 1037 multa
993 973 1142 1040 attulisse
1169 975 1265 1040 nobis

288 1058 450 1140 videmur,
473 1060 672 1124 revertentes
694 1056 734 1121 ad
756 1056 961 1122 Thiofridum
984 1055 1024 1121 de
1039 1056 1202 1142 fontibus,
1225 1081 1265 1124 ex

289 1142 405 1228 quihus
428 1143 553 1224 hausit,
585 1141 625 1206 de
648 1142 717 1206 eius
740 1162 859 1227 genere
882 1141 1025 1220 dicandi,
1059 1143 1265 1228 antiquitatis

288 1227 420 1311 studiis,
443 1248 478 1292 re
500 1227 634 1292 metrica
655 1225 754 1291 verba
775 1225 943 1291 iaciemus.

374 1315 423 1377 llo
437 1311 577 1377 fontium
593 1309 739 1462 effidem,
758 1331 797 1376 ex
811 1311 930 1396 quibus
944 1307 1067 1395 hausit,
1082 1313 1264 1379 uberrimus

288 1400 338 1463 est
352 1396 503 1481 Alcuini,
520 1396 597 1462 nobr
657 1394 714 1461 imi
729 1395 816 1461 illius
833 1395 941 1463 Caroli
955 1395 1069 1483 Magni
1084 1397 1263 1482 secretarii,

287 1480 367 1547 Vita
377 1481 590 1547 Willihrordi.
627 1479 658 1545 N
662 1503 715 1545 am
730 1482 877 1565 quamvis
892 1480 945 1548 hic
960 1484 1071 1546 noster
1086 1482 1264 1548 Alcuinum

288 1566 504 1652 reprehendat
519 1567 652 1651 propter
665 1565 1050 1653 neglectamsacpissims
1065 1567 1264 1653 syllabarum

289 1653 505 1736 quantitatem
536 1650 565 1736 (l
587 1652 608 1716 3
630 1672 646 1714 s
670 1650 717 1737 q.)
745 1655 779 1714 et
807 1650 895 1735 quod
922 1674 961 1717 ex
989 1651 1080 1717 miris
1106 1653 1264 1736 miranda,

289 1757 327 1801 er
343 1735 510 1821 stupendis
526 1671 686 1820 stupenda
700 1734 904 1819 praeterierit
918 1735 979 1819 (lll
990 1736 1033 1802 23
1043 1741 1138 1822 sqq.),
1153 1741 1264 1804 tamen

288 1843 389 1906 usque
411 1843 450 1887 co
474 1842 508 1887 sa
530 1819 709 1906 applicavit
729 1819 769 1885 ad
793 1819 861 1886 eins
884 1843 980 1907 opus,
1009 1824 1046 1887 ut
1074 1843 1181 1888 rerum
1209 1844 1264 1910 ge·

288 1911 411 1974 starum
426 1908 572 1974 ordinem
586 1909 627 1974 ab
642 1906 700 1974 illo
716 1905 899 1975 adhibitum
914 1911 1042 1976 tentum
1058 1931 1127 1976 non
1142 1910 1263 1996 ubique

288 1997 476 2063 servaverit.
513 1995 623 2062 Etiam
651 1995 686 2062 in
710 2016 747 2061 eo
770 1993 901 2063 Alcuini
929 1996 1112 2083 exemplum
1135 2001 1264 2065 secutus

289 2088 352 2166 eat,
390 2082 476 2170 quod
504 2083 666 2171 duplicem
694 2081 807 2150 Vitam
838 2082 1043 2152 Willibrordi
1073 2084 1263 2171 composuit,

290 2171 424 2239 alteram
447 2171 555 2239 soluta
581 2172 743 2258 oratione,
779 2172 913 2239 alteram
947 2173 1093 2241 versibus
1126 2172 1264 2240 heroicis

291 2259 516 2359 conscriptam.
539 2259 672 2359 Praeter
683 2257 815 2359 Alcuini
827 2264 934 2359 autem
948 2259 1058 2326 Vitam
1071 2260 1168 2326 ctiam
1183 2261 1263 2359 eiua,

289 2349 443 2527 silent
460 2343 1265 2528 troilusliteratissimum

288 2519 411 2578 tionem
438 2514 519 2579 lacit
541 2513 604 2598 (Ill
626 2515 696 2594 21),
721 2514 977 2599 Werlandusque
1001 2515 1056 2596 (M.
1084 2515 1122 2580 G.
1150 2513 1263 2578 XXlll

289 2620 320 2683 p.
349 2598 400 2685 13)
423 2619 462 2664 ex
484 2599 590 2684 parcis
606 2598 798 2697 quibusdam
821 2598 1049 2665 additamentis
1064 2598 1174 2686 (Vitae
1212 2619 1264 2664 ro·

289 2683 409 2831 plalicaa)
435 2682 1027 2835 ⁰⁰¹10¹¹¹dh¹¹⁰⁹¹⁰f⁰¹¹⁸⁹flThi⁰f¹l³g⁰
1056 2685 1169 2834 etiumd
1200 2685 1263 2834 opti

326 2791 338 2832 1
688 2791 710 2832 n
919 2820 925 2835 .

289 2789 484 2920 tlttt
501 2789 1264 2921 ”ttltttlt,tltmhttltl

291 2941 418 3028 giorum
440 2963 533 3008 usum
556 2962 626 3006 esse
648 2944 681 3006 et
702 2941 736 3006 in
759 2943 821 3025 eis,
845 2963 927 3026 qnae
950 2963 1019 3026 cap.
1044 2940 1144 3006 XXII
1166 2939 1265 3007 Vitae

290 3047 375 3111 pros.
399 3027 438 3089 de
453 3025 586 3110 Pippini
607 3027 709 3111 gestia
731 3031 914 3123 narrentur,
935 3025 1116 3125 Reginonis
1137 3025 1265 3124 chrpni·

291 3130 505 3277 ttut'ttl,
530 3131 603 3281 tr.
632 3109 743 3260 {ill
768 3109 882 3282 <litt
902 3109 1265 3284 ,thiedildi

291 3280 470 3348 Willehadi
488 3280 529 3346 ab
544 3281 708 3346 Anchario
726 3281 881 3366 scriptam
904 3285 938 3348 et
959 3303 1029 3382 cap.
1045 3279 1139 3346 XXX
1153 3278 1265 3346 Vitam

292 3369 453 3456 (luendam
476 3372 606 3435 sauctae
621 3366 835 3460 Amalbcrgae
858 3367 898 3435 ed
914 3391 964 3434 nm
991 3367 1133 3434 lrandam
1154 3369 1265 3434 n'arra·

290 3459 414 3524 tionem
448 3456 649 3542 adhibuisse,
683 3478 751 3544 cap.
783 3461 891 3523 autem
925 3391 989 3522 xli
1020 3455 1131 3544 (Vitae
1164 3455 1267 3608 pros.)

294 3542 436 3613 codicem
451 3545 618 3632 antiquum
634 3543 848 3612 traditionum
864 3544 1050 3611 excussisse.
1085 3543 1124 3610 ln
1141 3543 1265 3609 utimis

293 3636 401 3701 autem
424 3633 584 3720 capitibus
606 3630 932 3722 (XXXI—XXXVI)
965 3631 1068 3698 eidem
1092 3629 1264 3697 Weilando

294 3719 419 3786 videtur
441 3742 495 3806 ea,
518 3742 600 3806 quae
616 3721 650 3784 in
667 3719 861 3785 monasterio
877 3719 1007 3804 scriptis
1023 3719 1075 3784 vel
1090 3717 1264 3783 traditione

293 3805 467 3872 memoriae
488 3807 764 3872 conservabantur
786 3825 869 3890 quae
893 3827 933 3870 ue
955 3805 1024 3889 ipse
1036 3803 1125 3884 vidit,
1141 3803 1267 3868 audivit

293 3891 345 3957 vel
367 3912 385 3955 e
411 3890 451 3972 't,
472 3889 590 3955 litteris
612 3889 823 3955 mandavisse.
860 3827 1027 3954 [iactenus
1049 3888 1088 3952 de
1110 3888 1266 3952 fontibus.

286 4015 295 4030 x
411 3998 428 4040 e
457 3973 619 4040 Tlriolridi
647 3978 756 4042 autern
784 3994 903 4061 genere
932 3971 1060 4039 dicendi
1087 3971 1265 4058 disputanti

294 4063 440 4151 quamvis
468 4059 732 4148 distinguendum
761 4060 805 4126 sit
825 4059 912 4126 inter
944 4081 997 4146 ea,
1021 4080 1104 4144 quae
1125 4057 1267 4144 pedestri
