<?xml version="1.0" encoding="UTF-8"?>
<!DOCTYPE html PUBLIC "-//W3C//DTD XHTML 1.0 Transitional//EN"
    "http://www.w3.org/TR/xhtml1/DTD/xhtml1-transitional.dtd">
<html xmlns="http://www.w3.org/1999/xhtml" xml:lang="en" lang="en">
 <head>
  <title>
</title>
<meta http-equiv="Content-Type" content="text/html;charset=utf-8" />
  <meta name='ocr-system' content='tesseract 3.04.00' />
  <meta name='ocr-capabilities' content='ocr_page ocr_carea ocr_par ocr_line ocrx_word'/>
</head>
<body>
  <div class='ocr_page' id='page_1' title='image "./troilusalbertis01albegoog_0480.png"; bbox 0 0 3674 4790; ppageno 0'>
   <div class='ocr_carea' id='block_1_1' title="bbox 704 723 908 776">
    <p class='ocr_par' dir='ltr' id='par_1_1' title="bbox 704 723 908 776">
     <span class='ocr_line' id='line_1_1' title="bbox 704 723 908 776; baseline 0 -2"><span class='ocrx_word' id='word_1_1' title='bbox 704 723 736 776; x_wconf 74' lang='lat' dir='ltr'><strong><em>V,</em></strong></span> <span class='ocrx_word' id='word_1_2' title='bbox 757 725 908 776; x_wconf 74' lang='lat'>941-982.</span> 
     </span>
    </p>
   </div>
   <div class='ocr_carea' id='block_1_2' title="bbox 340 860 1427 3102">
    <p class='ocr_par' dir='ltr' id='par_1_2' title="bbox 340 860 1147 1060">
     <span class='ocr_line' id='line_1_2' title="bbox 401 860 1147 956; baseline 0.003 -24"><span class='ocrx_word' id='word_1_3' title='bbox 401 860 507 945; x_wconf 83' lang='grc' dir='ltr'><strong><em>Οίδός</em></strong></span> <span class='ocrx_word' id='word_1_4' title='bbox 529 891 563 933; x_wconf 88' lang='grc' dir='ltr'><strong><em>τε</em></strong></span> <span class='ocrx_word' id='word_1_5' title='bbox 588 862 633 932; x_wconf 81' lang='grc' dir='ltr'><strong><em>σὺ</em></strong></span> <span class='ocrx_word' id='word_1_6' title='bbox 654 863 799 951; x_wconf 86' lang='grc' dir='ltr'><strong><em>μάλιστα</em></strong></span> <span class='ocrx_word' id='word_1_7' title='bbox 822 866 926 955; x_wconf 98' lang='grc' dir='ltr'><strong><em>τέρμα</em></strong></span> <span class='ocrx_word' id='word_1_8' title='bbox 950 866 1147 956; x_wconf 75' lang='grc' dir='ltr'><strong><em>δρωμένων·</em></strong></span> 
     </span>
     <span class='ocr_line' id='line_1_3' title="bbox 340 969 1108 1060; baseline 0.005 -22"><span class='ocrx_word' id='word_1_9' title='bbox 340 1033 341 1038; x_wconf 73' lang='grc'>,</span> <span class='ocrx_word' id='word_1_10' title='bbox 399 971 500 1058; x_wconf 80' lang='grc' dir='ltr'><strong><em>θήσει</em></strong></span> <span class='ocrx_word' id='word_1_11' title='bbox 524 971 561 1041; x_wconf 70' lang='grc' dir='ltr'><strong><em>δὲ</em></strong></span> <span class='ocrx_word' id='word_1_12' title='bbox 583 973 690 1059; x_wconf 99' lang='grc' dir='ltr'><strong><em>λύπης</em></strong></span> <span class='ocrx_word' id='word_1_13' title='bbox 713 969 789 1042; x_wconf 75' lang='grc' dir='ltr'><strong><em>ἀντὶ</em></strong></span> <span class='ocrx_word' id='word_1_14' title='bbox 812 976 914 1060; x_wconf 83' lang='grc' dir='ltr'><strong><em>τῆσδε</em></strong></span> <span class='ocrx_word' id='word_1_15' title='bbox 937 973 993 1042; x_wconf 80' lang='grc' dir='ltr'><strong><em>καὶ</em></strong></span> <span class='ocrx_word' id='word_1_16' title='bbox 1016 972 1108 1059; x_wconf 87' lang='grc' dir='ltr'><strong><em>γόων</em></strong></span> 
     </span>
    </p>

    <p class='ocr_par' dir='ltr' id='par_1_3' title="bbox 399 1077 1155 1168">
     <span class='ocr_line' id='line_1_4' title="bbox 399 1077 1155 1168; baseline 0.003 -22"><span class='ocrx_word' id='word_1_17' title='bbox 399 1077 496 1166; x_wconf 81' lang='grc' dir='ltr'><strong><em>τιμὰς</em></strong></span> <span class='ocrx_word' id='word_1_18' title='bbox 519 1084 676 1166; x_wconf 83' lang='grc' dir='ltr'><strong><em>μεγίστας</em></strong></span> <span class='ocrx_word' id='word_1_19' title='bbox 699 1077 765 1148; x_wconf 65' lang='lat' dir='ltr'><strong><em>dvc}</em></strong></span> <span class='ocrx_word' id='word_1_20' title='bbox 789 1084 856 1168; x_wconf 82' lang='grc' dir='ltr'><strong><em>γῆν</em></strong></span> <span class='ocrx_word' id='word_1_21' title='bbox 880 1099 934 1148; x_wconf 91' lang='grc' dir='ltr'><strong><em>σοι</em></strong></span> <span class='ocrx_word' id='word_1_22' title='bbox 957 1079 1013 1148; x_wconf 78' lang='grc' dir='ltr'><strong><em>καὶ</em></strong></span> <span class='ocrx_word' id='word_1_23' title='bbox 1036 1079 1155 1167; x_wconf 81' lang='grc' dir='ltr'><strong><em>πόλον,</em></strong></span> 
     </span>
    </p>

    <p class='ocr_par' dir='ltr' id='par_1_4' title="bbox 398 1185 1331 1274">
     <span class='ocr_line' id='line_1_5' title="bbox 398 1185 1331 1274; baseline 0.008 -22"><span class='ocrx_word' id='word_1_24' title='bbox 398 1185 516 1270; x_wconf 84' lang='grc' dir='ltr'><strong><em>κλήσει</em></strong></span> <span class='ocrx_word' id='word_1_25' title='bbox 540 1213 574 1256; x_wconf 89' lang='grc' dir='ltr'><strong><em>τε</em></strong></span> <span class='ocrx_word' id='word_1_26' title='bbox 597 1191 710 1255; x_wconf 82' lang='grc' dir='ltr'><strong><em>πᾶσαν</em></strong></span> <span class='ocrx_word' id='word_1_27' title='bbox 734 1201 834 1273; x_wconf 80' lang='grc' dir='ltr'><strong><em>γαῖαν</em></strong></span> <span class='ocrx_word' id='word_1_28' title='bbox 858 1185 1008 1270; x_wconf 79' lang='grc' dir='ltr'><strong><em>εὐδόξων</em></strong></span> <span class='ocrx_word' id='word_1_29' title='bbox 1032 1187 1155 1274; x_wconf 89' lang='grc' dir='ltr'><strong><em>λόγων,</em></strong></span> <span class='ocrx_word' id='word_1_30' title='bbox 1277 1209 1331 1259; x_wconf 87' lang='grc'>966</span> 
     </span>
    </p>

    <p class='ocr_par' dir='ltr' id='par_1_5' title="bbox 399 1286 1427 1384">
     <span class='ocr_line' id='line_1_6' title="bbox 399 1286 1427 1384; baseline 0.003 -24"><span class='ocrx_word' id='word_1_31' title='bbox 399 1293 504 1375; x_wconf 90' lang='grc' dir='ltr'><strong><em>ναούς</em></strong></span> <span class='ocrx_word' id='word_1_32' title='bbox 526 1320 562 1362; x_wconf 87' lang='grc' dir='ltr'><strong><em>τε</em></strong></span> <span class='ocrx_word' id='word_1_33' title='bbox 586 1313 640 1363; x_wconf 91' lang='grc' dir='ltr'><strong><em>σοι</em></strong></span> <span class='ocrx_word' id='word_1_34' title='bbox 664 1293 818 1376; x_wconf 76' lang='grc' dir='ltr'><strong><em>τεύξουσι</em></strong></span> <span class='ocrx_word' id='word_1_35' title='bbox 842 1293 879 1363; x_wconf 90' lang='grc' dir='ltr'><strong><em>τὸ</em></strong></span> <span class='ocrx_word' id='word_1_36' title='bbox 903 1301 1039 1384; x_wconf 77' lang='grc' dir='ltr'><strong><em>βροτῶν</em></strong></span> <span class='ocrx_word' id='word_1_37' title='bbox 1062 1295 1183 1384; x_wconf 87' lang='grc' dir='ltr'><strong><em>φύλου.</em></strong></span> <span class='ocrx_word' id='word_1_38' title='bbox 1423 1286 1427 1292; x_wconf 63' lang='grc'><strong>’</strong></span> 
     </span>
    </p>

    <p class='ocr_par' dir='ltr' id='par_1_6' title="bbox 399 1397 1192 1489">
     <span class='ocr_line' id='line_1_7' title="bbox 399 1397 1192 1489; baseline 0.001 -20"><span class='ocrx_word' id='word_1_39' title='bbox 399 1405 530 1471; x_wconf 83' lang='grc' dir='ltr'><strong><em>Θᾶττου</em></strong></span> <span class='ocrx_word' id='word_1_40' title='bbox 553 1399 619 1488; x_wconf 87' lang='grc' dir='ltr'><strong><em>γὰρ</em></strong></span> <span class='ocrx_word' id='word_1_41' title='bbox 644 1397 719 1470; x_wconf 79' lang='grc' dir='ltr'><strong><em>ἀντὶ</em></strong></span> <span class='ocrx_word' id='word_1_42' title='bbox 742 1403 843 1470; x_wconf 87' lang='grc' dir='ltr'><strong><em>τοῦδε</em></strong></span> <span class='ocrx_word' id='word_1_43' title='bbox 867 1405 1055 1488; x_wconf 76' lang='grc' dir='ltr'><strong><em>δυσσεβοῦς</em></strong></span> <span class='ocrx_word' id='word_1_44' title='bbox 1079 1401 1192 1489; x_wconf 89' lang='grc' dir='ltr'><strong><em>φόνου</em></strong></span> 
     </span>
    </p>

    <p class='ocr_par' dir='ltr' id='par_1_7' title="bbox 399 1506 1074 1600">
     <span class='ocr_line' id='line_1_8' title="bbox 399 1506 1074 1600; baseline -0.001 -23"><span class='ocrx_word' id='word_1_45' title='bbox 399 1507 526 1597; x_wconf 78' lang='grc' dir='ltr'><strong><em>σεμνὴν</em></strong></span> <span class='ocrx_word' id='word_1_46' title='bbox 550 1506 672 1597; x_wconf 78' lang='grc' dir='ltr'><strong><em>ἑορτὴν</em></strong></span> <span class='ocrx_word' id='word_1_47' title='bbox 695 1513 775 1598; x_wconf 78' lang='grc' dir='ltr'><strong><em>τῇδε</em></strong></span> <span class='ocrx_word' id='word_1_48' title='bbox 797 1513 840 1600; x_wconf 78' lang='grc' dir='ltr'><strong><em>γῇ</em></strong></span> <span class='ocrx_word' id='word_1_49' title='bbox 864 1507 1074 1598; x_wconf 77' lang='grc' dir='ltr'><strong><em>προσόψεται</em></strong></span> 
     </span>
    </p>

    <p class='ocr_par' dir='ltr' id='par_1_8' title="bbox 398 1614 1128 1706">
     <span class='ocr_line' id='line_1_9' title="bbox 398 1614 1128 1706; baseline 0.003 -22"><span class='ocrx_word' id='word_1_50' title='bbox 398 1616 454 1685; x_wconf 78' lang='grc' dir='ltr'><strong><em>καὶ</em></strong></span> <span class='ocrx_word' id='word_1_51' title='bbox 478 1621 544 1705; x_wconf 79' lang='grc' dir='ltr'><strong><em>γῆν</em></strong></span> <span class='ocrx_word' id='word_1_52' title='bbox 568 1614 738 1704; x_wconf 88' lang='grc' dir='ltr'><strong><em>Σολύμων</em></strong></span> <span class='ocrx_word' id='word_1_53' title='bbox 761 1616 857 1706; x_wconf 75' lang='grc' dir='ltr'><strong><em>ἱερὸν</em></strong></span> <span class='ocrx_word' id='word_1_54' title='bbox 880 1618 987 1700; x_wconf 84' lang='grc' dir='ltr'><strong><em>τεύξει</em></strong></span> <span class='ocrx_word' id='word_1_55' title='bbox 1010 1619 1128 1687; x_wconf 87' lang='grc' dir='ltr'><strong><em>πέδου·</em></strong></span> 
     </span>
    </p>

    <p class='ocr_par' dir='ltr' id='par_1_9' title="bbox 400 1715 1331 1812">
     <span class='ocr_line' id='line_1_10' title="bbox 400 1715 1331 1812; baseline 0.004 -20"><span class='ocrx_word' id='word_1_56' title='bbox 400 1715 448 1792; x_wconf 76' lang='grc' dir='ltr'><strong><em>δν</em></strong></span> <span class='ocrx_word' id='word_1_57' title='bbox 472 1725 583 1792; x_wconf 78' lang='grc' dir='ltr'><strong><em>εἵνεκα</em></strong></span> <span class='ocrx_word' id='word_1_58' title='bbox 606 1723 669 1812; x_wconf 78' lang='grc' dir='ltr'><strong><em>χρὴ</em></strong></span> <span class='ocrx_word' id='word_1_59' title='bbox 694 1721 738 1810; x_wconf 80' lang='grc' dir='ltr'><strong><em>μὴ</em></strong></span> <span class='ocrx_word' id='word_1_60' title='bbox 762 1725 886 1811; x_wconf 80' lang='grc' dir='ltr'><strong><em>μέτρου</em></strong></span> <span class='ocrx_word' id='word_1_61' title='bbox 908 1734 1053 1811; x_wconf 80' lang='grc' dir='ltr'><strong><em>θρηνεῖν</em></strong></span> <span class='ocrx_word' id='word_1_62' title='bbox 1076 1727 1169 1811; x_wconf 87' lang='grc' dir='ltr'><strong><em>πέρα.</em></strong></span> <span class='ocrx_word' id='word_1_63' title='bbox 1278 1746 1331 1796; x_wconf 80' lang='grc'><strong><em>979</em></strong></span> 
     </span>
    </p>

    <p class='ocr_par' dir='ltr' id='par_1_10' title="bbox 398 1828 1205 1919">
     <span class='ocr_line' id='line_1_11' title="bbox 398 1828 1205 1919; baseline 0.005 -22"><span class='ocrx_word' id='word_1_64' title='bbox 398 1828 458 1918; x_wconf 80' lang='grc' dir='ltr'><strong><em>Μὴ</em></strong></span> <span class='ocrx_word' id='word_1_65' title='bbox 484 1833 568 1918; x_wconf 80' lang='grc' dir='ltr'><strong><em>δῆτα</em></strong></span> <span class='ocrx_word' id='word_1_66' title='bbox 591 1834 689 1916; x_wconf 87' lang='grc' dir='ltr'><strong><em>γοῦν,</em></strong></span> <span class='ocrx_word' id='word_1_67' title='bbox 713 1828 878 1916; x_wconf 81' lang='grc' dir='ltr'><strong><em>δέσποιν’,</em></strong></span> <span class='ocrx_word' id='word_1_68' title='bbox 902 1828 1070 1919; x_wconf 84' lang='grc' dir='ltr'><strong><em>ἆφέρτατα</em></strong></span> <span class='ocrx_word' id='word_1_69' title='bbox 1094 1833 1205 1917; x_wconf 82' lang='grc' dir='ltr'><strong><em>στένε,</em></strong></span> 
     </span>
    </p>

    <p class='ocr_par' dir='ltr' id='par_1_11' title="bbox 399 1933 1237 2029">
     <span class='ocr_line' id='line_1_12' title="bbox 399 1933 1237 2029; baseline 0.005 -24"><span class='ocrx_word' id='word_1_70' title='bbox 399 1933 472 2006; x_wconf 79' lang='grc' dir='ltr'><strong><em>οὔτ’</em></strong></span> <span class='ocrx_word' id='word_1_71' title='bbox 495 1935 574 2025; x_wconf 78' lang='grc' dir='ltr'><strong><em>ὄμμ’</em></strong></span> <span class='ocrx_word' id='word_1_72' title='bbox 597 1934 770 2023; x_wconf 81' lang='grc' dir='ltr'><strong><em>ἐπαίρουσ’</em></strong></span> <span class='ocrx_word' id='word_1_73' title='bbox 792 1935 866 2007; x_wconf 82' lang='grc' dir='ltr'><strong><em>οὔτ’</em></strong></span> <span class='ocrx_word' id='word_1_74' title='bbox 888 1935 1150 2009; x_wconf 83' lang='grc' dir='ltr'><strong><em>ἆπαλλύσσουσα</em></strong></span> <span class='ocrx_word' id='word_1_75' title='bbox 1176 1946 1237 2029; x_wconf 83' lang='grc' dir='ltr'><strong><em>γῆς</em></strong></span> 
     </span>
    </p>

    <p class='ocr_par' dir='ltr' id='par_1_12' title="bbox 398 2041 1133 2137">
     <span class='ocr_line' id='line_1_13' title="bbox 398 2041 1133 2137; baseline 0.005 -23"><span class='ocrx_word' id='word_1_76' title='bbox 398 2044 593 2134; x_wconf 87' lang='grc' dir='ltr'><strong><em>πρόσωπον,</em></strong></span> <span class='ocrx_word' id='word_1_77' title='bbox 617 2041 659 2114; x_wconf 88' lang='grc' dir='ltr'><strong><em>ού</em></strong></span> <span class='ocrx_word' id='word_1_78' title='bbox 682 2047 835 2136; x_wconf 82' lang='grc' dir='ltr'><strong><em>βλέφαρα</em></strong></span> <span class='ocrx_word' id='word_1_79' title='bbox 860 2044 1019 2136; x_wconf 85' lang='grc' dir='ltr'><strong><em>δακρύων</em></strong></span> <span class='ocrx_word' id='word_1_80' title='bbox 1043 2051 1133 2137; x_wconf 77' lang='grc' dir='ltr'><strong><em>ῥοῆς.</em></strong></span> 
     </span>
    </p>

    <p class='ocr_par' dir='ltr' id='par_1_13' title="bbox 391 2149 1157 2245">
     <span class='ocr_line' id='line_1_14' title="bbox 391 2149 1157 2245; baseline 0.004 -24"><span class='ocrx_word' id='word_1_81' title='bbox 391 2149 478 2234; x_wconf 81' lang='grc' dir='ltr'><strong><em>Ἕως</em></strong></span> <span class='ocrx_word' id='word_1_82' title='bbox 500 2152 581 2223; x_wconf 91' lang='grc' dir='ltr'><strong><em>πότε</em></strong></span> <span class='ocrx_word' id='word_1_83' title='bbox 605 2153 758 2242; x_wconf 80' lang='grc' dir='ltr'><strong><em>στρέψεις</em></strong></span> <span class='ocrx_word' id='word_1_84' title='bbox 782 2153 819 2224; x_wconf 75' lang='grc' dir='ltr'><strong><em>δὲ</em></strong></span> <span class='ocrx_word' id='word_1_85' title='bbox 842 2154 931 2222; x_wconf 80' lang='grc' dir='ltr'><strong><em>καίτοι</em></strong></span> <span class='ocrx_word' id='word_1_86' title='bbox 956 2152 1019 2244; x_wconf 80' lang='grc' dir='ltr'><strong><em>τὴν</em></strong></span> <span class='ocrx_word' id='word_1_87' title='bbox 1043 2158 1157 2245; x_wconf 82' lang='grc' dir='ltr'><strong><em>δέρην,</em></strong></span> 
     </span>
    </p>

    <p class='ocr_par' dir='ltr' id='par_1_14' title="bbox 400 2260 1330 2353">
     <span class='ocr_line' id='line_1_15' title="bbox 400 2260 1330 2353; baseline 0.006 -24"><span class='ocrx_word' id='word_1_88' title='bbox 400 2263 494 2348; x_wconf 70' lang='grc' dir='ltr'><strong><em>ῥοαῖς</em></strong></span> <span class='ocrx_word' id='word_1_89' title='bbox 517 2260 770 2351; x_wconf 87' lang='grc' dir='ltr'><strong><em>καταρδεύουσα</em></strong></span> <span class='ocrx_word' id='word_1_90' title='bbox 793 2261 856 2349; x_wconf 81' lang='grc' dir='ltr'><strong><em>τὴν</em></strong></span> <span class='ocrx_word' id='word_1_91' title='bbox 879 2267 945 2350; x_wconf 82' lang='grc' dir='ltr'><strong><em>γῆν</em></strong></span> <span class='ocrx_word' id='word_1_92' title='bbox 970 2263 1139 2353; x_wconf 88' lang='grc' dir='ltr'><strong><em>δακρύων,</em></strong></span> <span class='ocrx_word' id='word_1_93' title='bbox 1277 2285 1330 2335; x_wconf 81' lang='grc'>976</span> 
     </span>
    </p>

    <p class='ocr_par' dir='ltr' id='par_1_15' title="bbox 399 2366 1110 2457">
     <span class='ocr_line' id='line_1_16' title="bbox 399 2366 1110 2457; baseline 0.007 -21"><span class='ocrx_word' id='word_1_94' title='bbox 399 2371 533 2437; x_wconf 81' lang='grc' dir='ltr'><strong><em>ἔκδικον</em></strong></span> <span class='ocrx_word' id='word_1_95' title='bbox 557 2366 648 2457; x_wconf 84' lang='grc' dir='ltr'><strong><em>όμμα</em></strong></span> <span class='ocrx_word' id='word_1_96' title='bbox 671 2368 906 2438; x_wconf 88' lang='grc' dir='ltr'><strong><em>παντεπόπτου</em></strong></span> <span class='ocrx_word' id='word_1_97' title='bbox 931 2371 1110 2441; x_wconf 85' lang='grc' dir='ltr'><strong><em>Δεσπότου</em></strong></span> 
     </span>
    </p>

    <p class='ocr_par' dir='ltr' id='par_1_16' title="bbox 399 2473 1138 2564">
     <span class='ocr_line' id='line_1_17' title="bbox 399 2473 1138 2564; baseline 0.004 -22"><span class='ocrx_word' id='word_1_98' title='bbox 399 2478 509 2544; x_wconf 79' lang='grc' dir='ltr'><strong><em>εἰδυῖα</em></strong></span> <span class='ocrx_word' id='word_1_99' title='bbox 532 2477 661 2542; x_wconf 81' lang='grc' dir='ltr'><strong><em>θᾶττον</em></strong></span> <span class='ocrx_word' id='word_1_100' title='bbox 684 2473 794 2562; x_wconf 77' lang='grc' dir='ltr'><strong><em>χάρμα</em></strong></span> <span class='ocrx_word' id='word_1_101' title='bbox 818 2495 873 2543; x_wconf 94' lang='grc' dir='ltr'><strong><em>σοι</em></strong></span> <span class='ocrx_word' id='word_1_102' title='bbox 896 2477 1015 2563; x_wconf 83' lang='grc' dir='ltr'><strong><em>φέρειν</em></strong></span> <span class='ocrx_word' id='word_1_103' title='bbox 1038 2479 1138 2564; x_wconf 82' lang='grc' dir='ltr'><strong><em>μέγα,</em></strong></span> 
     </span>
    </p>

    <p class='ocr_par' dir='ltr' id='par_1_17' title="bbox 398 2576 1201 2671">
     <span class='ocr_line' id='line_1_18' title="bbox 398 2576 1201 2671; baseline 0.002 -22"><span class='ocrx_word' id='word_1_104' title='bbox 398 2579 482 2668; x_wconf 87' lang='grc' dir='ltr'><strong><em>πρὸς</em></strong></span> <span class='ocrx_word' id='word_1_105' title='bbox 506 2579 548 2651; x_wconf 81' lang='grc' dir='ltr'><strong><em>δυ</em></strong></span> <span class='ocrx_word' id='word_1_106' title='bbox 571 2601 608 2650; x_wconf 89' lang='grc' dir='ltr'><strong><em>σε</em></strong></span> <span class='ocrx_word' id='word_1_107' title='bbox 631 2586 754 2649; x_wconf 84' lang='grc' dir='ltr'><strong><em>τείνειν</em></strong></span> <span class='ocrx_word' id='word_1_108' title='bbox 779 2576 869 2669; x_wconf 84' lang='grc' dir='ltr'><strong><em>όμμα</em></strong></span> <span class='ocrx_word' id='word_1_109' title='bbox 893 2582 949 2650; x_wconf 78' lang='grc' dir='ltr'><strong><em>καὶ</em></strong></span> <span class='ocrx_word' id='word_1_110' title='bbox 972 2582 1081 2671; x_wconf 88' lang='grc' dir='ltr'><strong><em>μόνον</em></strong></span> <span class='ocrx_word' id='word_1_111' title='bbox 1106 2587 1201 2666; x_wconf 73' lang='grc' dir='ltr'><strong><em>δέου,</em></strong></span> 
     </span>
    </p>

    <p class='ocr_par' dir='ltr' id='par_1_18' title="bbox 400 2685 1170 2778">
     <span class='ocr_line' id='line_1_19' title="bbox 400 2685 1170 2778; baseline 0.003 -20"><span class='ocrx_word' id='word_1_112' title='bbox 400 2687 504 2770; x_wconf 84' lang='grc' dir='ltr'><strong><em>Οἶδας</em></strong></span> <span class='ocrx_word' id='word_1_113' title='bbox 526 2687 607 2778; x_wconf 77' lang='grc' dir='ltr'><strong><em>γὰρ,</em></strong></span> <span class='ocrx_word' id='word_1_114' title='bbox 632 2685 742 2771; x_wconf 79' lang='grc' dir='ltr'><strong><em>οἶδας·</em></strong></span> <span class='ocrx_word' id='word_1_115' title='bbox 768 2691 880 2771; x_wconf 77' lang='grc' dir='ltr'><strong><em>ἴψεται</em></strong></span> <span class='ocrx_word' id='word_1_116' title='bbox 904 2703 975 2771; x_wconf 81' lang='grc' dir='ltr'><strong><em>τοῖς</em></strong></span> <span class='ocrx_word' id='word_1_117' title='bbox 998 2697 1170 2778; x_wconf 82' lang='grc' dir='ltr'><strong><em>φροιμίοις</em></strong></span> 
     </span>
    </p>

    <p class='ocr_par' dir='ltr' id='par_1_19' title="bbox 398 2795 1330 2886">
     <span class='ocr_line' id='line_1_20' title="bbox 398 2795 1330 2886; baseline 0.006 -20"><span class='ocrx_word' id='word_1_118' title='bbox 398 2797 453 2866; x_wconf 79' lang='grc' dir='ltr'><strong><em>καὶ</em></strong></span> <span class='ocrx_word' id='word_1_119' title='bbox 477 2797 580 2886; x_wconf 85' lang='grc' dir='ltr'><strong><em>τέρμα</em></strong></span> <span class='ocrx_word' id='word_1_120' title='bbox 603 2795 763 2886; x_wconf 82' lang='grc' dir='ltr'><strong><em>φαιδρὸν,</em></strong></span> <span class='ocrx_word' id='word_1_121' title='bbox 787 2796 982 2883; x_wconf 80' lang='grc' dir='ltr'><strong><em>γηθόσυνος</em></strong></span> <span class='ocrx_word' id='word_1_122' title='bbox 1005 2795 1126 2886; x_wconf 84' lang='grc' dir='ltr'><strong><em>ἡμέρα·</em></strong></span> <span class='ocrx_word' id='word_1_123' title='bbox 1276 2821 1330 2872; x_wconf 86' lang='grc'><strong><em>969</em></strong></span> 
     </span>
    </p>

    <p class='ocr_par' dir='ltr' id='par_1_20' title="bbox 399 2903 1132 2994">
     <span class='ocr_line' id='line_1_21' title="bbox 399 2903 1132 2994; baseline 0.003 -22"><span class='ocrx_word' id='word_1_124' title='bbox 399 2909 480 2993; x_wconf 90' lang='grc' dir='ltr'><strong><em>μίαν</em></strong></span> <span class='ocrx_word' id='word_1_125' title='bbox 504 2905 616 2992; x_wconf 83' lang='grc' dir='ltr'><strong><em>μύκην</em></strong></span> <span class='ocrx_word' id='word_1_126' title='bbox 638 2909 754 2993; x_wconf 85' lang='grc' dir='ltr'><strong><em>μεῖναί</em></strong></span> <span class='ocrx_word' id='word_1_127' title='bbox 775 2924 812 2974; x_wconf 90' lang='grc' dir='ltr'><strong><em>σε</em></strong></span> <span class='ocrx_word' id='word_1_128' title='bbox 837 2909 891 2974; x_wconf 84' lang='grc' dir='ltr'><strong><em>δεῖ</em></strong></span> <span class='ocrx_word' id='word_1_129' title='bbox 911 2903 974 2993; x_wconf 78' lang='grc' dir='ltr'><strong><em>τὴν</em></strong></span> <span class='ocrx_word' id='word_1_130' title='bbox 998 2903 1132 2994; x_wconf 84' lang='grc' dir='ltr'><strong><em>κύριον,</em></strong></span> 
     </span>
    </p>

    <p class='ocr_par' dir='ltr' id='par_1_21' title="bbox 400 3008 1163 3102">
     <span class='ocr_line' id='line_1_22' title="bbox 400 3008 1163 3102; baseline 0.001 -21"><span class='ocrx_word' id='word_1_131' title='bbox 400 3009 445 3092; x_wconf 76' lang='grc' dir='ltr'><strong><em>ὡς</em></strong></span> <span class='ocrx_word' id='word_1_132' title='bbox 468 3012 687 3102; x_wconf 76' lang='grc' dir='ltr'><strong><em>ξυμπεραυθῇ</em></strong></span> <span class='ocrx_word' id='word_1_133' title='bbox 711 3012 867 3101; x_wconf 78' lang='grc' dir='ltr'><strong><em>φροντὶς,</em></strong></span> <span class='ocrx_word' id='word_1_134' title='bbox 890 3008 912 3100; x_wconf 79' lang='grc' dir='ltr'><strong><em>ἣ</em></strong></span> <span class='ocrx_word' id='word_1_135' title='bbox 936 3009 1020 3099; x_wconf 73' lang='grc' dir='ltr'><strong><em>κάμὲ</em></strong></span> <span class='ocrx_word' id='word_1_136' title='bbox 1042 3013 1163 3102; x_wconf 89' lang='grc' dir='ltr'><strong><em>τρύχει.</em></strong></span> 
     </span>
    </p>
   </div>
   <div class='ocr_carea' id='block_1_3' title="bbox 308 3141 523 3150">
    <p class='ocr_par' dir='ltr' id='par_1_22' title="bbox 308 3141 523 3150">
     <span class='ocr_line' id='line_1_23' title="bbox 308 3141 523 3150; baseline -0.009 0"><span class='ocrx_word' id='word_1_137' title='bbox 308 3141 523 3150; x_wconf 53' lang='grc' dir='ltr'><strong><em>-φ--υ-ι-ι</em></strong></span> 
     </span>
    </p>
   </div>
   <div class='ocr_carea' id='block_1_4' title="bbox 307 3207 1329 3423">
    <p class='ocr_par' dir='ltr' id='par_1_23' title="bbox 307 3207 1329 3423">
     <span class='ocr_line' id='line_1_24' title="bbox 381 3207 1329 3280; baseline 0.005 -17"><span class='ocrx_word' id='word_1_138' title='bbox 381 3213 432 3264; x_wconf 85' lang='grc'>966</span> <span class='ocrx_word' id='word_1_139' title='bbox 443 3227 484 3278; x_wconf 78' lang='grc' dir='ltr'><strong><em>οη.</em></strong></span> <span class='ocrx_word' id='word_1_140' title='bbox 503 3207 559 3278; x_wconf 89' lang='lat' dir='ltr'><strong><em>Hip</em></strong></span> <span class='ocrx_word' id='word_1_141' title='bbox 581 3251 587 3262; x_wconf 93' lang='lat'><em>.</em></span> <span class='ocrx_word' id='word_1_142' title='bbox 610 3214 729 3280; x_wconf 73' lang='lat' dir='ltr'><strong>14170q.</strong></span> <span class='ocrx_word' id='word_1_143' title='bbox 803 3214 855 3264; x_wconf 84' lang='grc'>966</span> <span class='ocrx_word' id='word_1_144' title='bbox 874 3207 959 3278; x_wconf 83' lang='grc' dir='ltr'><strong><em>Ηίρη.</em></strong></span> <span class='ocrx_word' id='word_1_145' title='bbox 976 3214 1036 3264; x_wconf 85' lang='grc'><strong><em>666.</em></strong></span> <span class='ocrx_word' id='word_1_146' title='bbox 1111 3216 1163 3265; x_wconf 88' lang='grc'><strong><em>996</em></strong></span> <span class='ocrx_word' id='word_1_147' title='bbox 1183 3210 1329 3268; x_wconf 78' lang='grc' dir='ltr'><strong><em>Οοσεευδτ.</em></strong></span> 
     </span>
     <span class='ocr_line' id='line_1_25' title="bbox 310 3279 1329 3353; baseline 0.008 -19"><span class='ocrx_word' id='word_1_148' title='bbox 310 3287 386 3337; x_wconf 77' lang='lat'>1128.</span> <span class='ocrx_word' id='word_1_149' title='bbox 474 3285 526 3336; x_wconf 83' lang='grc'>967</span> <span class='ocrx_word' id='word_1_150' title='bbox 577 3280 620 3334; x_wconf 82' lang='lat' dir='ltr'><strong><em>ed.</em></strong></span> <span class='ocrx_word' id='word_1_151' title='bbox 642 3287 719 3335; x_wconf 68' lang='lat'><strong>1372.</strong></span> <span class='ocrx_word' id='word_1_152' title='bbox 807 3285 859 3336; x_wconf 75' lang='lat'><strong><em>968</em></strong></span> <span class='ocrx_word' id='word_1_153' title='bbox 878 3279 951 3335; x_wconf 83' lang='lat' dir='ltr'><strong>Med.</strong></span> <span class='ocrx_word' id='word_1_154' title='bbox 974 3286 1050 3337; x_wconf 76' lang='lat'><strong>13⁷1.</strong></span> <span class='ocrx_word' id='word_1_155' title='bbox 1132 3287 1184 3336; x_wconf 74' lang='lat'><strong><em>972</em></strong></span> <span class='ocrx_word' id='word_1_156' title='bbox 1195 3301 1235 3353; x_wconf 79' lang='lat' dir='ltr'><strong><em>sq.</em></strong></span> <span class='ocrx_word' id='word_1_157' title='bbox 1255 3283 1329 3342; x_wconf 80' lang='grc' dir='ltr'><strong><em>Μθδ.</em></strong></span> 
     </span>
     <span class='ocr_line' id='line_1_26' title="bbox 307 3351 1071 3423; baseline -0.003 -15"><span class='ocrx_word' id='word_1_158' title='bbox 307 3359 395 3422; x_wconf 60' lang='grc'>27971.</span> <span class='ocrx_word' id='word_1_159' title='bbox 468 3357 520 3406; x_wconf 79' lang='grc'>974</span> <span class='ocrx_word' id='word_1_160' title='bbox 539 3351 613 3407; x_wconf 81' lang='lat' dir='ltr'>Med.</span> <span class='ocrx_word' id='word_1_161' title='bbox 633 3358 676 3407; x_wconf 80' lang='lat'><strong><em>³0.</em></strong></span> <span class='ocrx_word' id='word_1_162' title='bbox 750 3358 800 3408; x_wconf 80' lang='grc'>981</span> <span class='ocrx_word' id='word_1_163' title='bbox 813 3371 853 3423; x_wconf 77' lang='lat' dir='ltr'><strong><em>sq.</em></strong></span> <span class='ocrx_word' id='word_1_164' title='bbox 873 3351 947 3408; x_wconf 81' lang='lat' dir='ltr'><strong>Med.</strong></span> <span class='ocrx_word' id='word_1_165' title='bbox 967 3358 1019 3407; x_wconf 78' lang='lat'><strong><em>³42</em></strong></span> <span class='ocrx_word' id='word_1_166' title='bbox 1031 3370 1071 3423; x_wconf 86' lang='lat' dir='ltr'><strong><em>sq.</em></strong></span> 
     </span>
    </p>
   </div>
   <div class='ocr_carea' id='block_1_5' title="bbox 307 3466 520 3475">
    <p class='ocr_par' dir='ltr' id='par_1_24' title="bbox 307 3466 520 3475">
     <span class='ocr_line' id='line_1_27' title="bbox 307 3466 520 3475; baseline 0 -1"><span class='ocrx_word' id='word_1_167' title='bbox 307 3466 474 3475; x_wconf 50' lang='lat' dir='ltr'><strong><em>--nna--n-</em></strong></span> <span class='ocrx_word' id='word_1_168' title='bbox 483 3467 520 3472; x_wconf 78' lang='lat' dir='ltr'><strong><em>-u</em></strong></span> 
     </span>
    </p>
   </div>
   <div class='ocr_carea' id='block_1_6' title="bbox 309 3531 1330 4180">
    <p class='ocr_par' dir='ltr' id='par_1_25' title="bbox 309 3531 1330 4180">
     <span class='ocr_line' id='line_1_28' title="bbox 381 3531 1329 3606; baseline 0.003 -16"><span class='ocrx_word' id='word_1_169' title='bbox 381 3540 433 3591; x_wconf 82' lang='grc'><strong><em>969</em></strong></span> <span class='ocrx_word' id='word_1_170' title='bbox 452 3531 522 3605; x_wconf 89' lang='grc' dir='ltr'><strong><em>γόου</em></strong></span> <span class='ocrx_word' id='word_1_171' title='bbox 542 3532 575 3588; x_wconf 82' lang='grc' dir='ltr'><strong><em>Δ.</em></strong></span> <span class='ocrx_word' id='word_1_172' title='bbox 668 3531 876 3598; x_wconf 83' lang='grc' dir='ltr'><strong><em>969ναούςτέ</em></strong></span> <span class='ocrx_word' id='word_1_173' title='bbox 896 3533 929 3588; x_wconf 91' lang='lat' dir='ltr'><strong><em>V.</em></strong></span> <span class='ocrx_word' id='word_1_174' title='bbox 1022 3531 1113 3604; x_wconf 79' lang='grc' dir='ltr'><strong><em>φύλου</em></strong></span> <span class='ocrx_word' id='word_1_175' title='bbox 1134 3533 1217 3606; x_wconf 85' lang='lat' dir='ltr'>Vde,</span> <span class='ocrx_word' id='word_1_176' title='bbox 1237 3539 1329 3606; x_wconf 76' lang='grc' dir='ltr'><strong><em>φῦλον</em></strong></span> 
     </span>
     <span class='ocr_line' id='line_1_29' title="bbox 310 3604 1329 3690; baseline 0.003 -27"><span class='ocrx_word' id='word_1_177' title='bbox 310 3606 405 3663; x_wconf 69' lang='lat' dir='ltr'><strong><em>ceten&#39;⁴</em></strong></span> <span class='ocrx_word' id='word_1_178' title='bbox 479 3611 531 3662; x_wconf 90' lang='grc'>967</span> <span class='ocrx_word' id='word_1_179' title='bbox 551 3608 618 3662; x_wconf 69' lang='lat' dir='ltr'><strong><em>dves</em></strong></span> <span class='ocrx_word' id='word_1_180' title='bbox 641 3604 691 3672; x_wconf 85' lang='grc' dir='ltr'><strong><em>ούς</em></strong></span> <span class='ocrx_word' id='word_1_181' title='bbox 710 3625 772 3663; x_wconf 85' lang='lat' dir='ltr'><strong><em>eum</em></strong></span> <span class='ocrx_word' id='word_1_182' title='bbox 793 3624 809 3662; x_wconf 85' lang='grc' dir='ltr'><strong><em>τ</em></strong></span> <span class='ocrx_word' id='word_1_183' title='bbox 827 3606 903 3662; x_wconf 69' lang='lat' dir='ltr'><strong>inber</strong></span> <span class='ocrx_word' id='word_1_184' title='bbox 921 3623 1026 3690; x_wconf 48' lang='lat' dir='ltr'>versus·</span> <span class='ocrx_word' id='word_1_185' title='bbox 1038 3606 1074 3664; x_wconf 86' lang='grc' dir='ltr'><strong><em>Μ,</em></strong></span> <span class='ocrx_word' id='word_1_186' title='bbox 1131 3614 1183 3663; x_wconf 90' lang='grc'><strong><em>969</em></strong></span> <span class='ocrx_word' id='word_1_187' title='bbox 1203 3605 1329 3681; x_wconf 81' lang='grc' dir='ltr'><strong><em>τολόμωκ</em></strong></span> 
     </span>
     <span class='ocr_line' id='line_1_30' title="bbox 311 3675 1330 3750; baseline 0.003 -15"><span class='ocrx_word' id='word_1_188' title='bbox 311 3697 380 3736; x_wconf 86' lang='lat' dir='ltr'>corr.</span> <span class='ocrx_word' id='word_1_189' title='bbox 399 3679 429 3734; x_wconf 88' lang='lat' dir='ltr'><strong><em>in</em></strong></span> <span class='ocrx_word' id='word_1_190' title='bbox 448 3675 577 3750; x_wconf 85' lang='grc' dir='ltr'><strong><em>σολύμων</em></strong></span> <span class='ocrx_word' id='word_1_191' title='bbox 629 3722 634 3732; x_wconf 97' lang='grc'><strong><em>.</em></strong></span> <span class='ocrx_word' id='word_1_192' title='bbox 721 3685 774 3735; x_wconf 89' lang='grc'>970</span> <span class='ocrx_word' id='word_1_193' title='bbox 794 3680 891 3734; x_wconf 75' lang='grc' dir='ltr'><strong><em>εἵνεκα</em></strong></span> <span class='ocrx_word' id='word_1_194' title='bbox 912 3677 946 3748; x_wconf 83' lang='lat' dir='ltr'><strong><em>C,</em></strong></span> <span class='ocrx_word' id='word_1_195' title='bbox 973 3679 1071 3734; x_wconf 72' lang='grc' dir='ltr'><strong><em>εἵνεκα</em></strong></span> <span class='ocrx_word' id='word_1_196' title='bbox 1091 3681 1142 3750; x_wconf 79' lang='grc' dir='ltr'><strong><em>χρῆ</em></strong></span> <span class='ocrx_word' id='word_1_197' title='bbox 1162 3678 1203 3748; x_wconf 84' lang='grc' dir='ltr'><strong><em>Μ,</em></strong></span> <span class='ocrx_word' id='word_1_198' title='bbox 1223 3675 1330 3738; x_wconf 82' lang='grc' dir='ltr'><strong><em>ούνεκα</em></strong></span> 
     </span>
     <span class='ocr_line' id='line_1_31' title="bbox 310 3747 1329 3840; baseline 0.002 -35"><span class='ocrx_word' id='word_1_199' title='bbox 310 3751 399 3805; x_wconf 77' lang='lat' dir='ltr'>VAB.</span> <span class='ocrx_word' id='word_1_200' title='bbox 435 3754 578 3839; x_wconf 55' lang='grc' dir='ltr'><strong><em>,δανρΐτ</em></strong></span> <span class='ocrx_word' id='word_1_201' title='bbox 597 3753 629 3805; x_wconf 81' lang='grc' dir='ltr'><strong><em>Α.</em></strong></span> <span class='ocrx_word' id='word_1_202' title='bbox 682 3757 754 3840; x_wconf 50' lang='grc'>,971</span> <span class='ocrx_word' id='word_1_203' title='bbox 775 3749 914 3838; x_wconf 66' lang='grc' dir='ltr'><strong><em>δέσποινα</em></strong></span> <span class='ocrx_word' id='word_1_204' title='bbox 933 3747 1055 3820; x_wconf 78' lang='grc' dir='ltr'><strong><em>φέρτατε</em></strong></span> <span class='ocrx_word' id='word_1_205' title='bbox 1072 3751 1135 3807; x_wconf 84' lang='grc' dir='ltr'><strong><em>ΟΜ.</em></strong></span> <span class='ocrx_word' id='word_1_206' title='bbox 1209 3758 1261 3807; x_wconf 78' lang='grc'>972</span> <span class='ocrx_word' id='word_1_207' title='bbox 1280 3749 1329 3840; x_wconf 58' lang='grc' dir='ltr'><strong><em>μόρι’</em></strong></span> 
     </span>
     <span class='ocr_line' id='line_1_32' title="bbox 309 3820 1330 3964; baseline 0 -15"><span class='ocrx_word' id='word_1_208' title='bbox 309 3820 449 3964; x_wconf 63' lang='grc' dir='ltr'><strong><em>λεια.</em></strong></span> <span class='ocrx_word' id='word_1_209' title='bbox 465 3822 773 3963; x_wconf 57' lang='grc'>9979969..</span> <span class='ocrx_word' id='word_1_210' title='bbox 792 3821 1002 3962; x_wconf 55' lang='lat' dir='ltr'><strong><em>ww</em></strong></span> <span class='ocrx_word' id='word_1_211' title='bbox 1016 3821 1330 3964; x_wconf 60' lang='grc'>7....99999</span> 
     </span>
     <span class='ocr_line' id='line_1_33' title="bbox 311 3959 1329 4035; baseline 0.002 -15"><span class='ocrx_word' id='word_1_212' title='bbox 311 3970 362 4020; x_wconf 86' lang='grc'>977</span> <span class='ocrx_word' id='word_1_213' title='bbox 383 3963 459 4020; x_wconf 81' lang='grc' dir='ltr'><strong><em>είδία</em></strong></span> <span class='ocrx_word' id='word_1_214' title='bbox 478 3962 514 4020; x_wconf 86' lang='lat' dir='ltr'><strong><em>M.</em></strong></span> <span class='ocrx_word' id='word_1_215' title='bbox 604 3961 728 4035; x_wconf 80' lang='grc' dir='ltr'><strong><em>χύρμασι</em></strong></span> <span class='ocrx_word' id='word_1_216' title='bbox 748 3985 777 4034; x_wconf 94' lang='grc' dir='ltr'><strong><em>φ.</em></strong></span> <span class='ocrx_word' id='word_1_217' title='bbox 797 3964 828 4019; x_wconf 92' lang='lat' dir='ltr'><strong><em>B.</em></strong></span> <span class='ocrx_word' id='word_1_218' title='bbox 918 3969 971 4019; x_wconf 83' lang='grc'>978</span> <span class='ocrx_word' id='word_1_219' title='bbox 990 3959 1024 4018; x_wconf 84' lang='grc' dir='ltr'><strong><em>δν</em></strong></span> <span class='ocrx_word' id='word_1_220' title='bbox 1043 3982 1073 4019; x_wconf 88' lang='grc' dir='ltr'><strong><em>σε</em></strong></span> <span class='ocrx_word' id='word_1_221' title='bbox 1093 3963 1130 4018; x_wconf 85' lang='grc' dir='ltr'><strong><em>Μ.</em></strong></span> <span class='ocrx_word' id='word_1_222' title='bbox 1212 3965 1277 4030; x_wconf 81' lang='grc' dir='ltr'><strong><em>δέος</em></strong></span> <span class='ocrx_word' id='word_1_223' title='bbox 1296 3965 1329 4022; x_wconf 86' lang='lat' dir='ltr'><strong><em>V.</em></strong></span> 
     </span>
     <span class='ocr_line' id='line_1_34' title="bbox 309 4035 1330 4164; baseline -0.003 -72"><span class='ocrx_word' id='word_1_224' title='bbox 309 4043 362 4164; x_wconf 57' lang='lat'><strong><em>{79</em></strong></span> <span class='ocrx_word' id='word_1_225' title='bbox 382 4035 560 4161; x_wconf 52' lang='grc' dir='ltr'><strong><em>έφαιταινδδ111</em></strong></span> <span class='ocrx_word' id='word_1_226' title='bbox 646 4042 815 4161; x_wconf 42' lang='lat' dir='ltr'><strong><em>&amp;swam</em></strong></span> <span class='ocrx_word' id='word_1_227' title='bbox 834 4053 889 4093; x_wconf 88' lang='lat' dir='ltr'><strong><em>om.</em></strong></span> <span class='ocrx_word' id='word_1_228' title='bbox 910 4040 942 4091; x_wconf 84' lang='lat' dir='ltr'><strong><em>A.</em></strong></span> <span class='ocrx_word' id='word_1_229' title='bbox 1021 4041 1072 4091; x_wconf 78' lang='lat'><strong><em>982</em></strong></span> <span class='ocrx_word' id='word_1_230' title='bbox 1093 4037 1177 4106; x_wconf 77' lang='grc' dir='ltr'><strong><em>ξυμπ.</em></strong></span> <span class='ocrx_word' id='word_1_231' title='bbox 1197 4035 1282 4092; x_wconf 83' lang='grc' dir='ltr'><strong><em>ΟΜΑ</em></strong></span> <span class='ocrx_word' id='word_1_232' title='bbox 1301 4043 1330 4094; x_wconf 73' lang='lat' dir='ltr'><strong><em>et</em></strong></span> 
     </span>
     <span class='ocr_line' id='line_1_35' title="bbox 334 4127 717 4180; baseline -0.003 -16"><span class='ocrx_word' id='word_1_233' title='bbox 334 4127 384 4180; x_wconf 72' lang='grc' dir='ltr'><strong><em>οε,</em></strong></span> <span class='ocrx_word' id='word_1_234' title='bbox 403 4127 486 4179; x_wconf 83' lang='grc' dir='ltr'><strong><em>συμπ.</em></strong></span> <span class='ocrx_word' id='word_1_235' title='bbox 563 4152 568 4162; x_wconf 95' lang='grc'><strong><em>.</em></strong></span> <span class='ocrx_word' id='word_1_236' title='bbox 643 4129 660 4177; x_wconf 89' lang='grc' dir='ltr'><strong><em>η</em></strong></span> <span class='ocrx_word' id='word_1_237' title='bbox 712 4151 717 4163; x_wconf 95' lang='grc'><strong><em>.</em></strong></span> 
     </span>
    </p>
   </div>
   <div class='ocr_carea' id='block_1_7' title="bbox 0 0 1842 4790">
    <p class='ocr_par' dir='ltr' id='par_1_26' title="bbox 0 0 1842 4790">
     <span class='ocr_line' id='line_1_36' title="bbox 0 0 1842 4790; baseline 0 0"><span class='ocrx_word' id='word_1_238' title='bbox 0 0 1842 4790; x_wconf 95' lang='lat' dir='ltr'><strong><em> </em></strong></span> 
     </span>
    </p>
   </div>
  </div>
 </body>
</html>
