3368 4792
421 652 464 718 60
737 651 798 703 ere.
816 653 853 706 ιι.
888 667 913 708 v.
931 649 1075 702 cos-sec.

465 807 582 871 Laudes
604 804 728 869 alterius
749 806 945 886 appropriare
967 804 1037 867 sibi.

423 894 507 967 uuoo
531 913 590 955 non
614 912 657 964 es,
681 911 741 956 non
764 911 829 954 esse
851 890 931 964 velis,
955 891 1033 972 quod
1057 909 1098 961 es,
1123 908 1189 952 esse
1211 890 1322 962 latere:

467 977 612 1062 Displicet
634 979 812 1060 imprudens
833 979 914 1040 unde
936 978 1056 1059 plaeere
1079 985 1170 1059 putat.
1341 986 1392 1036 cus

423 1067 496 1129 Cum
520 1071 562 1128 sis
584 1065 749 1135 Patroclus,
773 1083 828 1126 cur
851 1073 880 1125 te
902 1066 1040 1125 mentiris
1061 1063 1225 1125 delrilieml

466 1149 541 1220 Scis,
564 1150 643 1229 quod
667 1152 726 1210 lert
748 1149 867 1226 longam
889 1150 972 1209 iletlo
995 1147 1074 1208 nulla
1098 1165 1223 1212 meram.

424 1233 521 1303 Scire,
544 1235 614 1313 quid
638 1236 668 1292 ln
693 1231 780 1292 bellis
801 1233 896 1292 releat
919 1234 1098 1292 iustissimus
1120 1231 1241 1300 lleclor,

466 1317 509 1377 'l'e
532 1317 598 1377 uolo
620 1334 704 1384 arsut
727 1325 881 1395 properat,
905 1315 986 1376 lrune
1009 1327 1097 1375 necet
1118 1318 1173 1376 ista
1196 1331 1311 1376 menns.

423 1402 586 1463 Hectoreus
608 1414 756 1477 ecgncsee
779 1417 900 1470 manum
924 1418 980 1461 oee
1002 1400 1087 1480 pluro
1109 1399 1227 1461 locutus
1341 1408 1393 1458 eto

469 1486 629 1549 Descendit
647 1485 788 1566 juvenem
811 1484 980 1564 despoliare
1003 1495 1096 1546 ratus.

427 1573 543 1635 Mericn
566 1590 602 1632 ex
625 1573 688 1633 acie
710 1589 821 1652 eorpus
843 1571 945 1641 trabit,
969 1571 1081 1633 ilector
1103 1569 1231 1632 eundem

466 1659 510 1720 Ad
534 1667 644 1719 terram
667 1655 761 1719 solitis
783 1657 895 1719 viribus
917 1675 989 1718 usus
1012 1658 1082 1736 agit.

422 1743 509 1805 llunc
530 1744 618 1804 etlam
643 1742 773 1823 spoliare
794 1752 899 1822 parat:
923 1744 975 1804 sed
998 1743 1150 1805 Mnesteus
1172 1741 1215 1803 lill

467 1826 580 1890 Obvius
603 1827 782 1890 Hectoreum
804 1831 919 1890 sauciat
940 1845 1011 1889 ense
1034 1829 1143 1889 lemur.
1341 1839 1392 1888 oie

422 1913 500 1976 lllllis
524 1911 702 1975 muletarum
725 1915 890 1992 prosternit
911 1917 1033 1975 saueius
1055 1921 1085 1972 et
1107 1917 1166 1974 lam

466 1996 571 2079 Grejos
593 1999 623 2058 in
647 2009 765 2078 turpem
787 2007 918 2060 verterat
939 2001 1002 2076 ipse
1024 1998 1133 2076 legem.

428 2082 494 2146 Non
519 2093 584 2145 erat
605 2081 678 2145 baec
701 2101 798 2164 pugne
821 2084 1006 2165 pavidorum,
1030 2102 1099 2145 nanr
1121 2083 1207 2146 simul
1231 2102 1317 2147 aeres

466 2168 584 2238 Fortes,
607 2169 736 2231 sedeces
757 2167 808 2231 bie
829 2171 954 2249 periisse
977 2171 1068 2232 vides.

616 2336 792 2394 DUELLUM
809 2337 991 2395 ΗΕΟΤΟΒΙΒ
1006 2338 1054 2394 ΕΤ
1071 2337 1200 2396 AIACIS.

423 2444 594 2505 Adveniens
614 2442 777 2505 Telamone
799 2455 891 2515 satus,
914 2448 1107 2507 saevissimus
1130 2445 1200 2524 djax
1342 2457 1394 2505 oen

467 2525 557 2586 Ocius
578 2525 711 2603 objectas
734 2529 856 2606 ampliet
878 2546 949 2588 ense
972 2533 1044 2597 rios,

426 2609 576 2686 insignem
600 2611 701 2687 gladio
722 2614 794 2691 petit
820 2612 955 2679 ilectora.
978 2631 1097 2693 quaque
1119 2611 1238 2694 patebat

468 2693 553 2756 Nudo
575 2697 633 2755 riri
656 2699 767 2764 eerrlx,
791 2695 893 2773 dirigit
914 2696 964 2758 ille
987 2713 1116 2758 manum.

424 2777 516 2839 letum
541 2777 704 2840 Priamides
726 2779 854 2841 umbone
878 2781 1024 2861 repr-llere
1047 2783 1146 2844 nitens

466 2863 597 2942 'l'ergum
620 2865 780 2936 submittit,
804 2866 918 2928 casside
941 2867 1015 2928 colla
1039 2870 1121 2946 tegit.
1341 2878 1391 2928 ees

425 2944 486 3012 Sed
511 2951 629 3030 penitus
651 2969 710 3013 nou
735 2951 839 3024 evadit,
863 2953 932 3034 quis
955 2970 1060 3014 nruero
1081 2972 1243 3036 parumper

490 3157 549 3209 608.
567 3156 782 3209 attulissemus
801 3160 857 3210 lob.
875 3159 906 3214 V.
922 3163 943 3212 l.
959 3162 982 3210 2.

525 3225 620 3276 Metiri
636 3241 667 3275 se
687 3241 822 3292 quemque
842 3227 922 3277 decet
940 3229 1113 3294 propriisque
1128 3227 1222 3292 juvari

560 3293 712 3356 Laudibus,
731 3293 850 3346 alterius
869 3310 921 3345 nec
939 3295 1012 3346 bene
1031 3297 1103 3346 lerre
1121 3296 1183 3347 sibi.

423 3361 482 3414 bot.
512 3359 598 3413 Auen.
625 3361 752 3416 Nevelet,
781 3379 807 3429 p.
826 3365 883 3417 stt.
907 3361 953 3418 lin.
973 3365 1014 3418 le.
1100 3366 1159 3416 eoo.
1182 3367 1269 3418 Auen.
1295 3363 1389 3421 Nerei.

423 3444 448 3495 p.
467 3430 525 3481 leti.
552 3429 600 3480 lin.
619 3433 636 3482 5
714 3431 773 3482 608.
792 3431 1041 3498 Epitomstor823:

493 3497 529 3547 Et
546 3505 679 3564 qnantum
697 3499 773 3550 bello
791 3499 887 3552 voleat
905 3499 1071 3552 fortissimus
1090 3501 1204 3554 Hector.

423 3566 483 3617 622.
500 3567 542 3619 23.
561 3567 727 3633 epitomator
743 3569 801 3620 605.
819 3571 844 3620 6.

490 3635 632 3699 Insignem
651 3635 726 3688 bello
745 3637 818 3704 petit
835 3633 965 3704 Hectore,
1004 3653 1092 3704 unque
1109 3641 1230 3707 pnlebel

525 3703 605 3754 Nudo
623 3705 676 3755 viri
696 3706 799 3766 ceruix,
818 3705 970 3772 fulgentem
986 3654 1085 3774 irriget
1103 3723 1201 3759 ensem.

423 3771 567 3826 bel-ess,
584 3772 708 3823 Imilctio
728 3773 923 3839 Epitcmatcris
941 3777 1192 3830 versu'bdi—bl‘le

525 3837 577 3891 Ille
595 3842 677 3890 ictum
697 3839 779 3892 celeri
798 3842 936 3906 praevidit
954 3842 1073 3893 collidus
1093 3849 1155 3894 estu

525 3906 672 3971 Tergaque
690 3909 827 3974 submisit,
847 3911 1002 3974 ferrumque
1019 3911 1135 3960 umbone
1154 3909 1270 3976 recepit;

525 3971 580 4023 Sed
598 3974 670 4026 levis
689 3981 826 4027 extremus
844 3977 935 4043 clypei
953 3977 1107 4042 perlabitur
1124 3992 1187 4027 cras
